%YAML 1.1
%TAG !u! tag:unity3d.com,2011:
--- !u!1 &2552724455273754369
GameObject:
  m_ObjectHideFlags: 0
  m_CorrespondingSourceObject: {fileID: 0}
  m_PrefabInstance: {fileID: 0}
  m_PrefabAsset: {fileID: 0}
  serializedVersion: 6
  m_Component:
  - component: {fileID: 2552724455273853729}
  m_Layer: 0
  m_Name: Toes_L
  m_TagString: Untagged
  m_Icon: {fileID: 0}
  m_NavMeshLayer: 0
  m_StaticEditorFlags: 0
  m_IsActive: 1
--- !u!4 &2552724455273853729
Transform:
  m_ObjectHideFlags: 0
  m_CorrespondingSourceObject: {fileID: 0}
  m_PrefabInstance: {fileID: 0}
  m_PrefabAsset: {fileID: 0}
  m_GameObject: {fileID: 2552724455273754369}
  m_LocalRotation: {x: 0.0013544284, y: 0.0068839956, z: -0.6689633, w: 0.7432623}
  m_LocalPosition: {x: 1.2613223, y: -0.93052244, z: 7.2537604e-10}
  m_LocalScale: {x: 1, y: 1, z: 1}
  m_Children:
  - {fileID: 2552724455273853741}
  m_Father: {fileID: 2552724455273853813}
  m_RootOrder: 0
  m_LocalEulerAnglesHint: {x: 0.6430826, y: 0.48252982, z: -83.97403}
--- !u!1 &2552724455273754371
GameObject:
  m_ObjectHideFlags: 0
  m_CorrespondingSourceObject: {fileID: 0}
  m_PrefabInstance: {fileID: 0}
  m_PrefabAsset: {fileID: 0}
  serializedVersion: 6
  m_Component:
  - component: {fileID: 2552724455273853731}
  m_Layer: 0
  m_Name: Toes_R
  m_TagString: Untagged
  m_Icon: {fileID: 0}
  m_NavMeshLayer: 0
  m_StaticEditorFlags: 0
  m_IsActive: 1
--- !u!4 &2552724455273853731
Transform:
  m_ObjectHideFlags: 0
  m_CorrespondingSourceObject: {fileID: 0}
  m_PrefabInstance: {fileID: 0}
  m_PrefabAsset: {fileID: 0}
  m_GameObject: {fileID: 2552724455273754371}
  m_LocalRotation: {x: 0.0013544284, y: 0.0068839956, z: -0.6689633, w: 0.7432623}
  m_LocalPosition: {x: -1.2613223, y: 0.93052244, z: -7.2537526e-10}
  m_LocalScale: {x: 1, y: 1, z: 1}
  m_Children:
  - {fileID: 2552724455273853743}
  m_Father: {fileID: 2552724455273853815}
  m_RootOrder: 0
  m_LocalEulerAnglesHint: {x: 0.64307135, y: 0.48251396, z: -83.97395}
--- !u!1 &2552724455273754373
GameObject:
  m_ObjectHideFlags: 0
  m_CorrespondingSourceObject: {fileID: 0}
  m_PrefabInstance: {fileID: 0}
  m_PrefabAsset: {fileID: 0}
  serializedVersion: 6
  m_Component:
  - component: {fileID: 2552724455273853733}
  m_Layer: 0
  m_Name: ThumbFinger2_R
  m_TagString: Untagged
  m_Icon: {fileID: 0}
  m_NavMeshLayer: 0
  m_StaticEditorFlags: 0
  m_IsActive: 1
--- !u!4 &2552724455273853733
Transform:
  m_ObjectHideFlags: 0
  m_CorrespondingSourceObject: {fileID: 0}
  m_PrefabInstance: {fileID: 0}
  m_PrefabAsset: {fileID: 0}
  m_GameObject: {fileID: 2552724455273754373}
  m_LocalRotation: {x: 0.13143994, y: -0.13000955, z: -0.075596735, w: 0.9798501}
  m_LocalPosition: {x: -0.38359925, y: -3.1832313e-15, z: 0}
  m_LocalScale: {x: 1, y: 1, z: 1}
  m_Children: []
  m_Father: {fileID: 2552724455273853753}
  m_RootOrder: 0
  m_LocalEulerAnglesHint: {x: 12.021072, y: -24.892841, z: -12.694035}
--- !u!1 &2552724455273754375
GameObject:
  m_ObjectHideFlags: 0
  m_CorrespondingSourceObject: {fileID: 0}
  m_PrefabInstance: {fileID: 0}
  m_PrefabAsset: {fileID: 0}
  serializedVersion: 6
  m_Component:
  - component: {fileID: 2552724455273853735}
  - component: {fileID: 2552724455283104917}
  - component: {fileID: 2552724453653705201}
  - component: {fileID: 2552724453653705204}
  - component: {fileID: 1465448639743278205}
  m_Layer: 0
  m_Name: Titan
  m_TagString: Mob
  m_Icon: {fileID: 0}
  m_NavMeshLayer: 0
  m_StaticEditorFlags: 0
  m_IsActive: 1
--- !u!4 &2552724455273853735
Transform:
  m_ObjectHideFlags: 0
  m_CorrespondingSourceObject: {fileID: 0}
  m_PrefabInstance: {fileID: 0}
  m_PrefabAsset: {fileID: 0}
  m_GameObject: {fileID: 2552724455273754375}
  m_LocalRotation: {x: 0, y: 0, z: 0, w: 1}
  m_LocalPosition: {x: -17.93, y: 5.88, z: 154.31}
  m_LocalScale: {x: 1, y: 1, z: 1}
  m_Children:
  - {fileID: 2552724455273853809}
  - {fileID: 2552724455273853791}
  - {fileID: 2552724455273853763}
  m_Father: {fileID: 0}
  m_RootOrder: 0
  m_LocalEulerAnglesHint: {x: 0, y: 0, z: 0}
--- !u!95 &2552724455283104917
Animator:
  serializedVersion: 3
  m_ObjectHideFlags: 0
  m_CorrespondingSourceObject: {fileID: 0}
  m_PrefabInstance: {fileID: 0}
  m_PrefabAsset: {fileID: 0}
  m_GameObject: {fileID: 2552724455273754375}
  m_Enabled: 1
  m_Avatar: {fileID: 9000000, guid: 24c4300f68c986241af51004b72b03f2, type: 3}
  m_Controller: {fileID: 9100000, guid: fba9ff770efdbf44e81d56ac073c8584, type: 2}
  m_CullingMode: 1
  m_UpdateMode: 0
  m_ApplyRootMotion: 0
  m_LinearVelocityBlending: 0
  m_WarningMessage: 
  m_HasTransformHierarchy: 1
  m_AllowConstantClipSamplingOptimization: 1
  m_KeepAnimatorControllerStateOnDisable: 0
--- !u!143 &2552724453653705201
CharacterController:
  m_ObjectHideFlags: 0
  m_CorrespondingSourceObject: {fileID: 0}
  m_PrefabInstance: {fileID: 0}
  m_PrefabAsset: {fileID: 0}
  m_GameObject: {fileID: 2552724455273754375}
  m_Material: {fileID: 0}
  m_IsTrigger: 0
  m_Enabled: 1
  serializedVersion: 2
  m_Height: 7.4
  m_Radius: 2.6
  m_SlopeLimit: 30
  m_StepOffset: 0.3
  m_SkinWidth: 0.08
  m_MinMoveDistance: 0.001
  m_Center: {x: 0, y: 3.7, z: 0}
--- !u!114 &2552724453653705204
MonoBehaviour:
  m_ObjectHideFlags: 0
  m_CorrespondingSourceObject: {fileID: 0}
  m_PrefabInstance: {fileID: 0}
  m_PrefabAsset: {fileID: 0}
  m_GameObject: {fileID: 2552724455273754375}
  m_Enabled: 1
  m_EditorHideFlags: 0
  m_Script: {fileID: 11500000, guid: 0421068d4438d57448640079cb7de3e8, type: 3}
  m_Name: 
  m_EditorClassIdentifier: 
  TwinsAnotherGO: {fileID: 0}
--- !u!114 &1465448639743278205
MonoBehaviour:
  m_ObjectHideFlags: 0
  m_CorrespondingSourceObject: {fileID: 0}
  m_PrefabInstance: {fileID: 0}
  m_PrefabAsset: {fileID: 0}
  m_GameObject: {fileID: 2552724455273754375}
  m_Enabled: 0
  m_EditorHideFlags: 0
  m_Script: {fileID: 11500000, guid: 3b35cfbfea8889045b3861913d8d8ccc, type: 3}
  m_Name: 
  m_EditorClassIdentifier: 
  Dieing_Go: {fileID: 7984704767673926095, guid: cd23cb9948c1a4443be0b7e126571125,
    type: 3}
  targetGo: {fileID: 2552724455273754375}
  Timer: 3
  Targetname: 
  dissolveMaterial: {fileID: 2100000, guid: 737d4c83bfbd6ae4690124b9a83deac9, type: 2}
  Isactive: 1
  TargetRenderers: []
  TargetMaterials: []
  dummyMaterials: []
  _dissolveMaterial: {fileID: 0}
  dissolveSpeed: 0.3
--- !u!1 &2552724455273754377
GameObject:
  m_ObjectHideFlags: 0
  m_CorrespondingSourceObject: {fileID: 0}
  m_PrefabInstance: {fileID: 0}
  m_PrefabAsset: {fileID: 0}
  serializedVersion: 6
  m_Component:
  - component: {fileID: 2552724455273853737}
  - component: {fileID: 2552724455085501537}
  - component: {fileID: 2552724455085501543}
  - component: {fileID: 2552724455085501542}
  m_Layer: 0
  m_Name: Wrist_L
  m_TagString: Weapon
  m_Icon: {fileID: 0}
  m_NavMeshLayer: 0
  m_StaticEditorFlags: 0
  m_IsActive: 1
--- !u!4 &2552724455273853737
Transform:
  m_ObjectHideFlags: 0
  m_CorrespondingSourceObject: {fileID: 0}
  m_PrefabInstance: {fileID: 0}
  m_PrefabAsset: {fileID: 0}
  m_GameObject: {fileID: 2552724455273754377}
  m_LocalRotation: {x: 0.02417552, y: -0.06232432, z: 0.10062433, w: 0.9926762}
  m_LocalPosition: {x: 0.63482255, y: -2.6361135e-15, z: 3.9790393e-15}
  m_LocalScale: {x: 1, y: 1, z: 1}
  m_Children:
  - {fileID: 2552724455273853801}
  - {fileID: 2552724455273853785}
  - {fileID: 2552724455273853759}
  m_Father: {fileID: 2552724455273853821}
  m_RootOrder: 0
  m_LocalEulerAnglesHint: {x: 1.6172923, y: 4.389192, z: 12.062752}
--- !u!54 &2552724455085501537
Rigidbody:
  m_ObjectHideFlags: 0
  m_CorrespondingSourceObject: {fileID: 0}
  m_PrefabInstance: {fileID: 0}
  m_PrefabAsset: {fileID: 0}
  m_GameObject: {fileID: 2552724455273754377}
  serializedVersion: 2
  m_Mass: 1
  m_Drag: 0
  m_AngularDrag: 0.05
  m_UseGravity: 0
  m_IsKinematic: 1
  m_Interpolate: 0
  m_Constraints: 126
  m_CollisionDetection: 3
--- !u!136 &2552724455085501543
CapsuleCollider:
  m_ObjectHideFlags: 0
  m_CorrespondingSourceObject: {fileID: 0}
  m_PrefabInstance: {fileID: 0}
  m_PrefabAsset: {fileID: 0}
  m_GameObject: {fileID: 2552724455273754377}
  m_Material: {fileID: 0}
  m_IsTrigger: 1
  m_Enabled: 0
  m_Radius: 1.5
  m_Height: 4
  m_Direction: 0
  m_Center: {x: 1, y: -0.2, z: 0}
--- !u!114 &2552724455085501542
MonoBehaviour:
  m_ObjectHideFlags: 0
  m_CorrespondingSourceObject: {fileID: 0}
  m_PrefabInstance: {fileID: 0}
  m_PrefabAsset: {fileID: 0}
  m_GameObject: {fileID: 2552724455273754377}
  m_Enabled: 1
  m_EditorHideFlags: 0
  m_Script: {fileID: 11500000, guid: e455802b4c5be194682f9a46fadd52ee, type: 3}
  m_Name: 
  m_EditorClassIdentifier: 
--- !u!1 &2552724455273754379
GameObject:
  m_ObjectHideFlags: 0
  m_CorrespondingSourceObject: {fileID: 0}
  m_PrefabInstance: {fileID: 0}
  m_PrefabAsset: {fileID: 0}
  serializedVersion: 6
  m_Component:
  - component: {fileID: 2552724455273853739}
  - component: {fileID: 2552724453470159711}
  - component: {fileID: 2552724453470159708}
  - component: {fileID: 2552724453470159710}
  m_Layer: 0
  m_Name: Wrist_R
  m_TagString: Weapon
  m_Icon: {fileID: 0}
  m_NavMeshLayer: 0
  m_StaticEditorFlags: 0
  m_IsActive: 1
--- !u!4 &2552724455273853739
Transform:
  m_ObjectHideFlags: 0
  m_CorrespondingSourceObject: {fileID: 0}
  m_PrefabInstance: {fileID: 0}
  m_PrefabAsset: {fileID: 0}
  m_GameObject: {fileID: 2552724455273754379}
  m_LocalRotation: {x: 0.02417552, y: -0.06232432, z: 0.10062433, w: 0.9926762}
  m_LocalPosition: {x: -0.63482255, y: 5.968559e-16, z: -5.570655e-15}
  m_LocalScale: {x: 1, y: 1, z: 1}
  m_Children:
  - {fileID: 2552724455273853803}
  - {fileID: 2552724455273853787}
  - {fileID: 2552724455273853753}
  m_Father: {fileID: 2552724455273853823}
  m_RootOrder: 0
  m_LocalEulerAnglesHint: {x: 8.13496, y: -10.224413, z: -13.629433}
--- !u!54 &2552724453470159711
Rigidbody:
  m_ObjectHideFlags: 0
  m_CorrespondingSourceObject: {fileID: 0}
  m_PrefabInstance: {fileID: 0}
  m_PrefabAsset: {fileID: 0}
  m_GameObject: {fileID: 2552724455273754379}
  serializedVersion: 2
  m_Mass: 1
  m_Drag: 0
  m_AngularDrag: 0.05
  m_UseGravity: 0
  m_IsKinematic: 1
  m_Interpolate: 0
  m_Constraints: 126
  m_CollisionDetection: 3
--- !u!136 &2552724453470159708
CapsuleCollider:
  m_ObjectHideFlags: 0
  m_CorrespondingSourceObject: {fileID: 0}
  m_PrefabInstance: {fileID: 0}
  m_PrefabAsset: {fileID: 0}
  m_GameObject: {fileID: 2552724455273754379}
  m_Material: {fileID: 0}
  m_IsTrigger: 1
  m_Enabled: 0
  m_Radius: 1.5
  m_Height: 4
  m_Direction: 0
  m_Center: {x: -0.5, y: 0.2, z: 0}
--- !u!114 &2552724453470159710
MonoBehaviour:
  m_ObjectHideFlags: 0
  m_CorrespondingSourceObject: {fileID: 0}
  m_PrefabInstance: {fileID: 0}
  m_PrefabAsset: {fileID: 0}
  m_GameObject: {fileID: 2552724455273754379}
  m_Enabled: 1
  m_EditorHideFlags: 0
  m_Script: {fileID: 11500000, guid: e455802b4c5be194682f9a46fadd52ee, type: 3}
  m_Name: 
  m_EditorClassIdentifier: 
--- !u!1 &2552724455273754381
GameObject:
  m_ObjectHideFlags: 0
  m_CorrespondingSourceObject: {fileID: 0}
  m_PrefabInstance: {fileID: 0}
  m_PrefabAsset: {fileID: 0}
  serializedVersion: 6
  m_Component:
  - component: {fileID: 2552724455273853741}
  m_Layer: 0
  m_Name: ToesEnd_L
  m_TagString: Untagged
  m_Icon: {fileID: 0}
  m_NavMeshLayer: 0
  m_StaticEditorFlags: 0
  m_IsActive: 1
--- !u!4 &2552724455273853741
Transform:
  m_ObjectHideFlags: 0
  m_CorrespondingSourceObject: {fileID: 0}
  m_PrefabInstance: {fileID: 0}
  m_PrefabAsset: {fileID: 0}
  m_GameObject: {fileID: 2552724455273754381}
  m_LocalRotation: {x: 0, y: -0, z: -0, w: 1}
  m_LocalPosition: {x: 0.33820862, y: -6.9633186e-16, z: 1.9895196e-16}
  m_LocalScale: {x: 1, y: 1, z: 1}
  m_Children: []
  m_Father: {fileID: 2552724455273853729}
  m_RootOrder: 0
  m_LocalEulerAnglesHint: {x: 0, y: 0, z: 0}
--- !u!1 &2552724455273754383
GameObject:
  m_ObjectHideFlags: 0
  m_CorrespondingSourceObject: {fileID: 0}
  m_PrefabInstance: {fileID: 0}
  m_PrefabAsset: {fileID: 0}
  serializedVersion: 6
  m_Component:
  - component: {fileID: 2552724455273853743}
  m_Layer: 0
  m_Name: ToesEnd_R
  m_TagString: Untagged
  m_Icon: {fileID: 0}
  m_NavMeshLayer: 0
  m_StaticEditorFlags: 0
  m_IsActive: 1
--- !u!4 &2552724455273853743
Transform:
  m_ObjectHideFlags: 0
  m_CorrespondingSourceObject: {fileID: 0}
  m_PrefabInstance: {fileID: 0}
  m_PrefabAsset: {fileID: 0}
  m_GameObject: {fileID: 2552724455273754383}
  m_LocalRotation: {x: 0, y: -0, z: -0, w: 1}
  m_LocalPosition: {x: -0.33820862, y: -7.9580784e-16, z: 0}
  m_LocalScale: {x: 1, y: 1, z: 1}
  m_Children: []
  m_Father: {fileID: 2552724455273853731}
  m_RootOrder: 0
  m_LocalEulerAnglesHint: {x: 0, y: 0, z: 0}
--- !u!1 &2552724455273754385
GameObject:
  m_ObjectHideFlags: 0
  m_CorrespondingSourceObject: {fileID: 0}
  m_PrefabInstance: {fileID: 0}
  m_PrefabAsset: {fileID: 0}
  serializedVersion: 6
  m_Component:
  - component: {fileID: 2552724455273853745}
  m_Layer: 0
  m_Name: ShoulderPart2_L
  m_TagString: Untagged
  m_Icon: {fileID: 0}
  m_NavMeshLayer: 0
  m_StaticEditorFlags: 0
  m_IsActive: 1
--- !u!4 &2552724455273853745
Transform:
  m_ObjectHideFlags: 0
  m_CorrespondingSourceObject: {fileID: 0}
  m_PrefabInstance: {fileID: 0}
  m_PrefabAsset: {fileID: 0}
  m_GameObject: {fileID: 2552724455273754385}
  m_LocalRotation: {x: 0, y: -0, z: -0, w: 1}
  m_LocalPosition: {x: 0.6218023, y: -9.251266e-15, z: 2.3874236e-15}
  m_LocalScale: {x: 1, y: 1, z: 1}
  m_Children:
  - {fileID: 2552724455273853821}
  m_Father: {fileID: 2552724455273853749}
  m_RootOrder: 0
  m_LocalEulerAnglesHint: {x: 5.5280795, y: 0, z: 0}
--- !u!1 &2552724455273754387
GameObject:
  m_ObjectHideFlags: 0
  m_CorrespondingSourceObject: {fileID: 0}
  m_PrefabInstance: {fileID: 0}
  m_PrefabAsset: {fileID: 0}
  serializedVersion: 6
  m_Component:
  - component: {fileID: 2552724455273853747}
  m_Layer: 0
  m_Name: ShoulderPart2_R
  m_TagString: Untagged
  m_Icon: {fileID: 0}
  m_NavMeshLayer: 0
  m_StaticEditorFlags: 0
  m_IsActive: 1
--- !u!4 &2552724455273853747
Transform:
  m_ObjectHideFlags: 0
  m_CorrespondingSourceObject: {fileID: 0}
  m_PrefabInstance: {fileID: 0}
  m_PrefabAsset: {fileID: 0}
  m_GameObject: {fileID: 2552724455273754387}
  m_LocalRotation: {x: 0, y: -0, z: -0, w: 1}
  m_LocalPosition: {x: -0.6218023, y: 8.157031e-15, z: -7.9580784e-16}
  m_LocalScale: {x: 1, y: 1, z: 1}
  m_Children:
  - {fileID: 2552724455273853823}
  m_Father: {fileID: 2552724455273853751}
  m_RootOrder: 0
  m_LocalEulerAnglesHint: {x: 8.163754, y: 0, z: 0}
--- !u!1 &2552724455273754389
GameObject:
  m_ObjectHideFlags: 0
  m_CorrespondingSourceObject: {fileID: 0}
  m_PrefabInstance: {fileID: 0}
  m_PrefabAsset: {fileID: 0}
  serializedVersion: 6
  m_Component:
  - component: {fileID: 2552724455273853749}
  m_Layer: 0
  m_Name: ShoulderPart1_L
  m_TagString: Untagged
  m_Icon: {fileID: 0}
  m_NavMeshLayer: 0
  m_StaticEditorFlags: 0
  m_IsActive: 1
--- !u!4 &2552724455273853749
Transform:
  m_ObjectHideFlags: 0
  m_CorrespondingSourceObject: {fileID: 0}
  m_PrefabInstance: {fileID: 0}
  m_PrefabAsset: {fileID: 0}
  m_GameObject: {fileID: 2552724455273754389}
  m_LocalRotation: {x: 0, y: -0, z: -0, w: 1}
  m_LocalPosition: {x: 0.6218023, y: -9.251266e-15, z: 3.1832313e-15}
  m_LocalScale: {x: 1, y: 1, z: 1}
  m_Children:
  - {fileID: 2552724455273853745}
  m_Father: {fileID: 2552724455273853769}
  m_RootOrder: 0
  m_LocalEulerAnglesHint: {x: 5.5280795, y: 0, z: 0}
--- !u!1 &2552724455273754391
GameObject:
  m_ObjectHideFlags: 0
  m_CorrespondingSourceObject: {fileID: 0}
  m_PrefabInstance: {fileID: 0}
  m_PrefabAsset: {fileID: 0}
  serializedVersion: 6
  m_Component:
  - component: {fileID: 2552724455273853751}
  m_Layer: 0
  m_Name: ShoulderPart1_R
  m_TagString: Untagged
  m_Icon: {fileID: 0}
  m_NavMeshLayer: 0
  m_StaticEditorFlags: 0
  m_IsActive: 1
--- !u!4 &2552724455273853751
Transform:
  m_ObjectHideFlags: 0
  m_CorrespondingSourceObject: {fileID: 0}
  m_PrefabInstance: {fileID: 0}
  m_PrefabAsset: {fileID: 0}
  m_GameObject: {fileID: 2552724455273754391}
  m_LocalRotation: {x: 0, y: -0, z: -0, w: 1}
  m_LocalPosition: {x: -0.6218023, y: 8.40572e-15, z: 1.5916157e-15}
  m_LocalScale: {x: 1, y: 1, z: 1}
  m_Children:
  - {fileID: 2552724455273853747}
  m_Father: {fileID: 2552724455273853771}
  m_RootOrder: 0
  m_LocalEulerAnglesHint: {x: 8.163754, y: 0, z: 0}
--- !u!1 &2552724455273754393
GameObject:
  m_ObjectHideFlags: 0
  m_CorrespondingSourceObject: {fileID: 0}
  m_PrefabInstance: {fileID: 0}
  m_PrefabAsset: {fileID: 0}
  serializedVersion: 6
  m_Component:
  - component: {fileID: 2552724455273853753}
  m_Layer: 0
  m_Name: ThumbFinger1_R
  m_TagString: Untagged
  m_Icon: {fileID: 0}
  m_NavMeshLayer: 0
  m_StaticEditorFlags: 0
  m_IsActive: 1
--- !u!4 &2552724455273853753
Transform:
  m_ObjectHideFlags: 0
  m_CorrespondingSourceObject: {fileID: 0}
  m_PrefabInstance: {fileID: 0}
  m_PrefabAsset: {fileID: 0}
  m_GameObject: {fileID: 2552724455273754393}
  m_LocalRotation: {x: -0.6156216, y: 0.10760797, z: -0.47012222, w: 0.62323004}
  m_LocalPosition: {x: -0.57676905, y: 1.2499486, z: -0.27936697}
  m_LocalScale: {x: 1, y: 1, z: 1}
  m_Children:
  - {fileID: 2552724455273853733}
  m_Father: {fileID: 2552724455273853739}
  m_RootOrder: 2
  m_LocalEulerAnglesHint: {x: 0, y: 0, z: 0}
--- !u!1 &2552724455273754395
GameObject:
  m_ObjectHideFlags: 0
  m_CorrespondingSourceObject: {fileID: 0}
  m_PrefabInstance: {fileID: 0}
  m_PrefabAsset: {fileID: 0}
  serializedVersion: 6
  m_Component:
  - component: {fileID: 2552724455273853755}
  m_Layer: 0
  m_Name: ThumbFinger2_L
  m_TagString: Untagged
  m_Icon: {fileID: 0}
  m_NavMeshLayer: 0
  m_StaticEditorFlags: 0
  m_IsActive: 1
--- !u!4 &2552724455273853755
Transform:
  m_ObjectHideFlags: 0
  m_CorrespondingSourceObject: {fileID: 0}
  m_PrefabInstance: {fileID: 0}
  m_PrefabAsset: {fileID: 0}
  m_GameObject: {fileID: 2552724455273754395}
  m_LocalRotation: {x: 0.13143994, y: -0.13000955, z: -0.075596735, w: 0.9798501}
  m_LocalPosition: {x: 0.38359925, y: 5.570655e-15, z: 5.968559e-15}
  m_LocalScale: {x: 1, y: 1, z: 1}
  m_Children: []
  m_Father: {fileID: 2552724455273853759}
  m_RootOrder: 0
  m_LocalEulerAnglesHint: {x: 9.612051, y: -34.828465, z: -14.512627}
--- !u!1 &2552724455273754397
GameObject:
  m_ObjectHideFlags: 0
  m_CorrespondingSourceObject: {fileID: 0}
  m_PrefabInstance: {fileID: 0}
  m_PrefabAsset: {fileID: 0}
  serializedVersion: 6
  m_Component:
  - component: {fileID: 2552724455273853757}
  m_Layer: 0
  m_Name: Spine1_M
  m_TagString: Untagged
  m_Icon: {fileID: 0}
  m_NavMeshLayer: 0
  m_StaticEditorFlags: 0
  m_IsActive: 1
--- !u!4 &2552724455273853757
Transform:
  m_ObjectHideFlags: 0
  m_CorrespondingSourceObject: {fileID: 0}
  m_PrefabInstance: {fileID: 0}
  m_PrefabAsset: {fileID: 0}
  m_GameObject: {fileID: 2552724455273754397}
  m_LocalRotation: {x: 0, y: 0, z: 0.043887954, w: 0.9990365}
  m_LocalPosition: {x: -0.64529186, y: 1.0942358e-15, z: -5.805435e-16}
  m_LocalScale: {x: 1, y: 1, z: 1}
  m_Children:
  - {fileID: 2552724455273853811}
  m_Father: {fileID: 2552724455273853763}
  m_RootOrder: 2
  m_LocalEulerAnglesHint: {x: 0, y: 0, z: 8.846262}
--- !u!1 &2552724455273754399
GameObject:
  m_ObjectHideFlags: 0
  m_CorrespondingSourceObject: {fileID: 0}
  m_PrefabInstance: {fileID: 0}
  m_PrefabAsset: {fileID: 0}
  serializedVersion: 6
  m_Component:
  - component: {fileID: 2552724455273853759}
  m_Layer: 0
  m_Name: ThumbFinger1_L
  m_TagString: Untagged
  m_Icon: {fileID: 0}
  m_NavMeshLayer: 0
  m_StaticEditorFlags: 0
  m_IsActive: 1
--- !u!4 &2552724455273853759
Transform:
  m_ObjectHideFlags: 0
  m_CorrespondingSourceObject: {fileID: 0}
  m_PrefabInstance: {fileID: 0}
  m_PrefabAsset: {fileID: 0}
  m_GameObject: {fileID: 2552724455273754399}
  m_LocalRotation: {x: -0.6156216, y: 0.10760797, z: -0.47012222, w: 0.62323004}
  m_LocalPosition: {x: 0.57676905, y: -1.2499486, z: 0.27936697}
  m_LocalScale: {x: 1, y: 1, z: 1}
  m_Children:
  - {fileID: 2552724455273853755}
  m_Father: {fileID: 2552724455273853737}
  m_RootOrder: 2
  m_LocalEulerAnglesHint: {x: 0, y: 0, z: 0}
--- !u!1 &2552724455273754401
GameObject:
  m_ObjectHideFlags: 0
  m_CorrespondingSourceObject: {fileID: 0}
  m_PrefabInstance: {fileID: 0}
  m_PrefabAsset: {fileID: 0}
  serializedVersion: 6
  m_Component:
  - component: {fileID: 2552724455273853761}
  m_Layer: 0
  m_Name: Neck_M
  m_TagString: Untagged
  m_Icon: {fileID: 0}
  m_NavMeshLayer: 0
  m_StaticEditorFlags: 0
  m_IsActive: 1
--- !u!4 &2552724455273853761
Transform:
  m_ObjectHideFlags: 0
  m_CorrespondingSourceObject: {fileID: 0}
  m_PrefabInstance: {fileID: 0}
  m_PrefabAsset: {fileID: 0}
  m_GameObject: {fileID: 2552724455273754401}
  m_LocalRotation: {x: 0, y: -0, z: -0.17255968, w: 0.9849991}
  m_LocalPosition: {x: -1.0901048, y: -3.1832313e-15, z: 6.736156e-16}
  m_LocalScale: {x: 1, y: 1, z: 1}
  m_Children:
  - {fileID: 2552724455273853793}
  m_Father: {fileID: 2552724455273853811}
  m_RootOrder: 0
  m_LocalEulerAnglesHint: {x: 0, y: 0, z: 0}
--- !u!1 &2552724455273754403
GameObject:
  m_ObjectHideFlags: 0
  m_CorrespondingSourceObject: {fileID: 0}
  m_PrefabInstance: {fileID: 0}
  m_PrefabAsset: {fileID: 0}
  serializedVersion: 6
  m_Component:
  - component: {fileID: 2552724455273853763}
  m_Layer: 0
  m_Name: Root_M
  m_TagString: Untagged
  m_Icon: {fileID: 0}
  m_NavMeshLayer: 0
  m_StaticEditorFlags: 0
  m_IsActive: 1
--- !u!4 &2552724455273853763
Transform:
  m_ObjectHideFlags: 0
  m_CorrespondingSourceObject: {fileID: 0}
  m_PrefabInstance: {fileID: 0}
  m_PrefabAsset: {fileID: 0}
  m_GameObject: {fileID: 2552724455273754403}
  m_LocalRotation: {x: 0.5229265, y: -0.47597048, z: -0.5229265, w: 0.47597048}
  m_LocalPosition: {x: 8.017031e-16, y: 3.636392, z: -0.15185848}
  m_LocalScale: {x: 1, y: 1, z: 1}
  m_Children:
  - {fileID: 2552724455273853805}
  - {fileID: 2552724455273853807}
  - {fileID: 2552724455273853757}
  m_Father: {fileID: 2552724455273853735}
  m_RootOrder: 2
  m_LocalEulerAnglesHint: {x: -1.6115367, y: -32.423607, z: -101.83767}
--- !u!1 &2552724455273754405
GameObject:
  m_ObjectHideFlags: 0
  m_CorrespondingSourceObject: {fileID: 0}
  m_PrefabInstance: {fileID: 0}
  m_PrefabAsset: {fileID: 0}
  serializedVersion: 6
  m_Component:
  - component: {fileID: 2552724455273853765}
  m_Layer: 0
  m_Name: MiddleFinger2_L
  m_TagString: Untagged
  m_Icon: {fileID: 0}
  m_NavMeshLayer: 0
  m_StaticEditorFlags: 0
  m_IsActive: 1
--- !u!4 &2552724455273853765
Transform:
  m_ObjectHideFlags: 0
  m_CorrespondingSourceObject: {fileID: 0}
  m_PrefabInstance: {fileID: 0}
  m_PrefabAsset: {fileID: 0}
  m_GameObject: {fileID: 2552724455273754405}
  m_LocalRotation: {x: 0.017807012, y: -0.15596157, z: 0.05744928, w: 0.98593026}
  m_LocalPosition: {x: 0.2990908, y: -6.4659387e-15, z: -1.1937118e-14}
  m_LocalScale: {x: 1, y: 1, z: 1}
  m_Children: []
  m_Father: {fileID: 2552724455273853785}
  m_RootOrder: 0
  m_LocalEulerAnglesHint: {x: 4.8187137, y: -36.27234, z: 4.886848}
--- !u!1 &2552724455273754407
GameObject:
  m_ObjectHideFlags: 0
  m_CorrespondingSourceObject: {fileID: 0}
  m_PrefabInstance: {fileID: 0}
  m_PrefabAsset: {fileID: 0}
  serializedVersion: 6
  m_Component:
  - component: {fileID: 2552724455273853767}
  m_Layer: 0
  m_Name: MiddleFinger2_R
  m_TagString: Untagged
  m_Icon: {fileID: 0}
  m_NavMeshLayer: 0
  m_StaticEditorFlags: 0
  m_IsActive: 1
--- !u!4 &2552724455273853767
Transform:
  m_ObjectHideFlags: 0
  m_CorrespondingSourceObject: {fileID: 0}
  m_PrefabInstance: {fileID: 0}
  m_PrefabAsset: {fileID: 0}
  m_GameObject: {fileID: 2552724455273754407}
  m_LocalRotation: {x: 0.017807012, y: -0.15596157, z: 0.05744928, w: 0.98593026}
  m_LocalPosition: {x: -0.2990908, y: 6.1675107e-15, z: -7.162271e-15}
  m_LocalScale: {x: 1, y: 1, z: 1}
  m_Children: []
  m_Father: {fileID: 2552724455273853787}
  m_RootOrder: 0
  m_LocalEulerAnglesHint: {x: 3.9083824, y: -26.223827, z: 5.672934}
--- !u!1 &2552724455273754409
GameObject:
  m_ObjectHideFlags: 0
  m_CorrespondingSourceObject: {fileID: 0}
  m_PrefabInstance: {fileID: 0}
  m_PrefabAsset: {fileID: 0}
  serializedVersion: 6
  m_Component:
  - component: {fileID: 2552724455273853769}
  m_Layer: 0
  m_Name: Shoulder_L
  m_TagString: Untagged
  m_Icon: {fileID: 0}
  m_NavMeshLayer: 0
  m_StaticEditorFlags: 0
  m_IsActive: 1
--- !u!4 &2552724455273853769
Transform:
  m_ObjectHideFlags: 0
  m_CorrespondingSourceObject: {fileID: 0}
  m_PrefabInstance: {fileID: 0}
  m_PrefabAsset: {fileID: 0}
  m_GameObject: {fileID: 2552724455273754409}
  m_LocalRotation: {x: 0.007016841, y: -0.34902883, z: -0.12813622, w: 0.9282838}
  m_LocalPosition: {x: 0.49091575, y: -7.647216e-15, z: -1.5916157e-15}
  m_LocalScale: {x: 1, y: 1, z: 1}
  m_Children:
  - {fileID: 2552724455273853749}
  m_Father: {fileID: 2552724455273853773}
  m_RootOrder: 0
  m_LocalEulerAnglesHint: {x: -7.3917856, y: -52.894863, z: -13.598381}
--- !u!1 &2552724455273754411
GameObject:
  m_ObjectHideFlags: 0
  m_CorrespondingSourceObject: {fileID: 0}
  m_PrefabInstance: {fileID: 0}
  m_PrefabAsset: {fileID: 0}
  serializedVersion: 6
  m_Component:
  - component: {fileID: 2552724455273853771}
  m_Layer: 0
  m_Name: Shoulder_R
  m_TagString: Untagged
  m_Icon: {fileID: 0}
  m_NavMeshLayer: 0
  m_StaticEditorFlags: 0
  m_IsActive: 1
--- !u!4 &2552724455273853771
Transform:
  m_ObjectHideFlags: 0
  m_CorrespondingSourceObject: {fileID: 0}
  m_PrefabInstance: {fileID: 0}
  m_PrefabAsset: {fileID: 0}
  m_GameObject: {fileID: 2552724455273754411}
  m_LocalRotation: {x: 0.007016841, y: -0.34902883, z: -0.12813622, w: 0.9282838}
  m_LocalPosition: {x: -0.49091575, y: 5.2100543e-15, z: -7.9580784e-16}
  m_LocalScale: {x: 1, y: 1, z: 1}
  m_Children:
  - {fileID: 2552724455273853751}
  m_Father: {fileID: 2552724455273853775}
  m_RootOrder: 0
  m_LocalEulerAnglesHint: {x: -3.9702759, y: -57.46142, z: 16.895138}
--- !u!1 &2552724455273754413
GameObject:
  m_ObjectHideFlags: 0
  m_CorrespondingSourceObject: {fileID: 0}
  m_PrefabInstance: {fileID: 0}
  m_PrefabAsset: {fileID: 0}
  serializedVersion: 6
  m_Component:
  - component: {fileID: 2552724455273853773}
  m_Layer: 0
  m_Name: Scapula_L
  m_TagString: Untagged
  m_Icon: {fileID: 0}
  m_NavMeshLayer: 0
  m_StaticEditorFlags: 0
  m_IsActive: 1
--- !u!4 &2552724455273853773
Transform:
  m_ObjectHideFlags: 0
  m_CorrespondingSourceObject: {fileID: 0}
  m_PrefabInstance: {fileID: 0}
  m_PrefabAsset: {fileID: 0}
  m_GameObject: {fileID: 2552724455273754413}
  m_LocalRotation: {x: 0.71095365, y: 0.25209773, z: 0.5703654, w: -0.32507685}
  m_LocalPosition: {x: -0.33670646, y: -0.4233144, z: 0.96915996}
  m_LocalScale: {x: 1, y: 1, z: 1}
  m_Children:
  - {fileID: 2552724455273853769}
  m_Father: {fileID: 2552724455273853811}
  m_RootOrder: 1
  m_LocalEulerAnglesHint: {x: -50.24444, y: 91.425446, z: 167.42358}
--- !u!1 &2552724455273754415
GameObject:
  m_ObjectHideFlags: 0
  m_CorrespondingSourceObject: {fileID: 0}
  m_PrefabInstance: {fileID: 0}
  m_PrefabAsset: {fileID: 0}
  serializedVersion: 6
  m_Component:
  - component: {fileID: 2552724455273853775}
  m_Layer: 0
  m_Name: Scapula_R
  m_TagString: Untagged
  m_Icon: {fileID: 0}
  m_NavMeshLayer: 0
  m_StaticEditorFlags: 0
  m_IsActive: 1
--- !u!4 &2552724455273853775
Transform:
  m_ObjectHideFlags: 0
  m_CorrespondingSourceObject: {fileID: 0}
  m_PrefabInstance: {fileID: 0}
  m_PrefabAsset: {fileID: 0}
  m_GameObject: {fileID: 2552724455273754415}
  m_LocalRotation: {x: 0.25209773, y: -0.71095365, z: 0.32507685, w: 0.5703654}
  m_LocalPosition: {x: -0.33670646, y: -0.4233144, z: -0.96915996}
  m_LocalScale: {x: 1, y: 1, z: 1}
  m_Children:
  - {fileID: 2552724455273853771}
  m_Father: {fileID: 2552724455273853811}
  m_RootOrder: 2
  m_LocalEulerAnglesHint: {x: 52.34495, y: -98.53414, z: -15.284976}
--- !u!1 &2552724455273754417
GameObject:
  m_ObjectHideFlags: 0
  m_CorrespondingSourceObject: {fileID: 0}
  m_PrefabInstance: {fileID: 0}
  m_PrefabAsset: {fileID: 0}
  serializedVersion: 6
  m_Component:
  - component: {fileID: 2552724455273853777}
  m_Layer: 0
  m_Name: Jaw_M
  m_TagString: Untagged
  m_Icon: {fileID: 0}
  m_NavMeshLayer: 0
  m_StaticEditorFlags: 0
  m_IsActive: 1
--- !u!4 &2552724455273853777
Transform:
  m_ObjectHideFlags: 0
  m_CorrespondingSourceObject: {fileID: 0}
  m_PrefabInstance: {fileID: 0}
  m_PrefabAsset: {fileID: 0}
  m_GameObject: {fileID: 2552724455273754417}
  m_LocalRotation: {x: 0, y: 0, z: -0.7092208, w: 0.7049864}
  m_LocalPosition: {x: 0.3497194, y: 0.18252352, z: 1.8900292e-16}
  m_LocalScale: {x: 1, y: 1, z: 1}
  m_Children: []
  m_Father: {fileID: 2552724455273853793}
  m_RootOrder: 3
  m_LocalEulerAnglesHint: {x: 0, y: 0, z: -89.618805}
--- !u!1 &2552724455273754419
GameObject:
  m_ObjectHideFlags: 0
  m_CorrespondingSourceObject: {fileID: 0}
  m_PrefabInstance: {fileID: 0}
  m_PrefabAsset: {fileID: 0}
  serializedVersion: 6
  m_Component:
  - component: {fileID: 2552724455273853779}
  m_Layer: 0
  m_Name: Knee_L
  m_TagString: Untagged
  m_Icon: {fileID: 0}
  m_NavMeshLayer: 0
  m_StaticEditorFlags: 0
  m_IsActive: 1
--- !u!4 &2552724455273853779
Transform:
  m_ObjectHideFlags: 0
  m_CorrespondingSourceObject: {fileID: 0}
  m_PrefabInstance: {fileID: 0}
  m_PrefabAsset: {fileID: 0}
  m_GameObject: {fileID: 2552724455273754419}
  m_LocalRotation: {x: 0, y: 0, z: 0.6456908, w: 0.76359904}
  m_LocalPosition: {x: 1.5111396, y: 5.968559e-16, z: 7.9580784e-16}
  m_LocalScale: {x: 1, y: 1, z: 1}
  m_Children:
  - {fileID: 2552724455273853813}
  m_Father: {fileID: 2552724455273853805}
  m_RootOrder: 0
  m_LocalEulerAnglesHint: {x: 0, y: 0, z: 87.36499}
--- !u!1 &2552724455273754421
GameObject:
  m_ObjectHideFlags: 0
  m_CorrespondingSourceObject: {fileID: 0}
  m_PrefabInstance: {fileID: 0}
  m_PrefabAsset: {fileID: 0}
  serializedVersion: 6
  m_Component:
  - component: {fileID: 2552724455273853781}
  m_Layer: 0
  m_Name: IndexFinger2_L
  m_TagString: Untagged
  m_Icon: {fileID: 0}
  m_NavMeshLayer: 0
  m_StaticEditorFlags: 0
  m_IsActive: 1
--- !u!4 &2552724455273853781
Transform:
  m_ObjectHideFlags: 0
  m_CorrespondingSourceObject: {fileID: 0}
  m_PrefabInstance: {fileID: 0}
  m_PrefabAsset: {fileID: 0}
  m_GameObject: {fileID: 2552724455273754421}
  m_LocalRotation: {x: 0.031759337, y: -0.170125, z: -0.024556395, w: 0.9846044}
  m_LocalPosition: {x: 0.44134635, y: 2.1903367e-14, z: -6.3664627e-15}
  m_LocalScale: {x: 1, y: 1, z: 1}
  m_Children: []
  m_Father: {fileID: 2552724455273853801}
  m_RootOrder: 0
  m_LocalEulerAnglesHint: {x: 1.8596485, y: -38.171288, z: -4.1826067}
--- !u!1 &2552724455273754423
GameObject:
  m_ObjectHideFlags: 0
  m_CorrespondingSourceObject: {fileID: 0}
  m_PrefabInstance: {fileID: 0}
  m_PrefabAsset: {fileID: 0}
  serializedVersion: 6
  m_Component:
  - component: {fileID: 2552724455273853783}
  m_Layer: 0
  m_Name: IndexFinger2_R
  m_TagString: Untagged
  m_Icon: {fileID: 0}
  m_NavMeshLayer: 0
  m_StaticEditorFlags: 0
  m_IsActive: 1
--- !u!4 &2552724455273853783
Transform:
  m_ObjectHideFlags: 0
  m_CorrespondingSourceObject: {fileID: 0}
  m_PrefabInstance: {fileID: 0}
  m_PrefabAsset: {fileID: 0}
  m_GameObject: {fileID: 2552724455273754423}
  m_LocalRotation: {x: 0.031759337, y: -0.170125, z: -0.024556395, w: 0.9846044}
  m_LocalPosition: {x: -0.44134635, y: -2.0858869e-14, z: -1.5916157e-15}
  m_LocalScale: {x: 1, y: 1, z: 1}
  m_Children: []
  m_Father: {fileID: 2552724455273853803}
  m_RootOrder: 0
  m_LocalEulerAnglesHint: {x: 2.5702105, y: -28.130337, z: -3.8092773}
--- !u!1 &2552724455273754425
GameObject:
  m_ObjectHideFlags: 0
  m_CorrespondingSourceObject: {fileID: 0}
  m_PrefabInstance: {fileID: 0}
  m_PrefabAsset: {fileID: 0}
  serializedVersion: 6
  m_Component:
  - component: {fileID: 2552724455273853785}
  m_Layer: 0
  m_Name: MiddleFinger1_L
  m_TagString: Untagged
  m_Icon: {fileID: 0}
  m_NavMeshLayer: 0
  m_StaticEditorFlags: 0
  m_IsActive: 1
--- !u!4 &2552724455273853785
Transform:
  m_ObjectHideFlags: 0
  m_CorrespondingSourceObject: {fileID: 0}
  m_PrefabInstance: {fileID: 0}
  m_PrefabAsset: {fileID: 0}
  m_GameObject: {fileID: 2552724455273754425}
  m_LocalRotation: {x: 0.04663685, y: -0.33161643, z: -0.04559955, w: 0.9411569}
  m_LocalPosition: {x: 1.8967837, y: 1.7209345e-14, z: 7.9580784e-16}
  m_LocalScale: {x: 1, y: 1, z: 1}
  m_Children:
  - {fileID: 2552724455273853765}
  m_Father: {fileID: 2552724455273853737}
  m_RootOrder: 1
  m_LocalEulerAnglesHint: {x: 0.9998975, y: -57.381653, z: -7.3723416}
--- !u!1 &2552724455273754427
GameObject:
  m_ObjectHideFlags: 0
  m_CorrespondingSourceObject: {fileID: 0}
  m_PrefabInstance: {fileID: 0}
  m_PrefabAsset: {fileID: 0}
  serializedVersion: 6
  m_Component:
  - component: {fileID: 2552724455273853787}
  m_Layer: 0
  m_Name: MiddleFinger1_R
  m_TagString: Untagged
  m_Icon: {fileID: 0}
  m_NavMeshLayer: 0
  m_StaticEditorFlags: 0
  m_IsActive: 1
--- !u!4 &2552724455273853787
Transform:
  m_ObjectHideFlags: 0
  m_CorrespondingSourceObject: {fileID: 0}
  m_PrefabInstance: {fileID: 0}
  m_PrefabAsset: {fileID: 0}
  m_GameObject: {fileID: 2552724455273754427}
  m_LocalRotation: {x: 0.04663685, y: -0.33161643, z: -0.04559955, w: 0.9411569}
  m_LocalPosition: {x: -1.8967837, y: -1.7532642e-14, z: -3.1832313e-15}
  m_LocalScale: {x: 1, y: 1, z: 1}
  m_Children:
  - {fileID: 2552724455273853767}
  m_Father: {fileID: 2552724455273853739}
  m_RootOrder: 1
  m_LocalEulerAnglesHint: {x: 2.2763119, y: -47.399826, z: -7.1141434}
--- !u!1 &2552724455273754429
GameObject:
  m_ObjectHideFlags: 0
  m_CorrespondingSourceObject: {fileID: 0}
  m_PrefabInstance: {fileID: 0}
  m_PrefabAsset: {fileID: 0}
  serializedVersion: 6
  m_Component:
  - component: {fileID: 2552724455273853789}
  m_Layer: 0
  m_Name: Knee_R
  m_TagString: Untagged
  m_Icon: {fileID: 0}
  m_NavMeshLayer: 0
  m_StaticEditorFlags: 0
  m_IsActive: 1
--- !u!4 &2552724455273853789
Transform:
  m_ObjectHideFlags: 0
  m_CorrespondingSourceObject: {fileID: 0}
  m_PrefabInstance: {fileID: 0}
  m_PrefabAsset: {fileID: 0}
  m_GameObject: {fileID: 2552724455273754429}
  m_LocalRotation: {x: 0, y: 0, z: 0.6456908, w: 0.76359904}
  m_LocalPosition: {x: -1.5111396, y: -1.5916157e-15, z: -5.968559e-16}
  m_LocalScale: {x: 1, y: 1, z: 1}
  m_Children:
  - {fileID: 2552724455273853815}
  m_Father: {fileID: 2552724455273853807}
  m_RootOrder: 0
  m_LocalEulerAnglesHint: {x: 0, y: 0, z: 72.487335}
--- !u!1 &2552724455273754431
GameObject:
  m_ObjectHideFlags: 0
  m_CorrespondingSourceObject: {fileID: 0}
  m_PrefabInstance: {fileID: 0}
  m_PrefabAsset: {fileID: 0}
  serializedVersion: 6
  m_Component:
  - component: {fileID: 2552724455273853791}
  m_Layer: 0
  m_Name: left
  m_TagString: Untagged
  m_Icon: {fileID: 0}
  m_NavMeshLayer: 0
  m_StaticEditorFlags: 0
  m_IsActive: 1
--- !u!4 &2552724455273853791
Transform:
  m_ObjectHideFlags: 0
  m_CorrespondingSourceObject: {fileID: 0}
  m_PrefabInstance: {fileID: 0}
  m_PrefabAsset: {fileID: 0}
  m_GameObject: {fileID: 2552724455273754431}
  m_LocalRotation: {x: 0, y: -0, z: -0, w: 1}
  m_LocalPosition: {x: 7.0037637, y: 4.066398, z: 0.8400652}
  m_LocalScale: {x: 1, y: 1, z: 1}
  m_Children: []
  m_Father: {fileID: 2552724455273853735}
  m_RootOrder: 1
  m_LocalEulerAnglesHint: {x: 0, y: 0, z: 0}
--- !u!1 &2552724455273754433
GameObject:
  m_ObjectHideFlags: 0
  m_CorrespondingSourceObject: {fileID: 0}
  m_PrefabInstance: {fileID: 0}
  m_PrefabAsset: {fileID: 0}
  serializedVersion: 6
  m_Component:
  - component: {fileID: 2552724455273853793}
  m_Layer: 0
  m_Name: Head_M
  m_TagString: Untagged
  m_Icon: {fileID: 0}
  m_NavMeshLayer: 0
  m_StaticEditorFlags: 0
  m_IsActive: 1
--- !u!4 &2552724455273853793
Transform:
  m_ObjectHideFlags: 0
  m_CorrespondingSourceObject: {fileID: 0}
  m_PrefabInstance: {fileID: 0}
  m_PrefabAsset: {fileID: 0}
  m_GameObject: {fileID: 2552724455273754433}
  m_LocalRotation: {x: 0, y: 0, z: 0.32200554, w: 0.9467378}
  m_LocalPosition: {x: -0.22453435, y: 3.1832313e-15, z: -6.1951873e-16}
  m_LocalScale: {x: 1, y: 1, z: 1}
  m_Children:
  - {fileID: 2552724455273853817}
  - {fileID: 2552724455273853819}
  - {fileID: 2552724455273853795}
  - {fileID: 2552724455273853777}
  m_Father: {fileID: 2552724455273853761}
  m_RootOrder: 0
  m_LocalEulerAnglesHint: {x: 8.950038, y: 34.814907, z: 36.871002}
--- !u!1 &2552724455273754435
GameObject:
  m_ObjectHideFlags: 0
  m_CorrespondingSourceObject: {fileID: 0}
  m_PrefabInstance: {fileID: 0}
  m_PrefabAsset: {fileID: 0}
  serializedVersion: 6
  m_Component:
  - component: {fileID: 2552724455273853795}
  m_Layer: 0
  m_Name: HeadEnd_M
  m_TagString: Untagged
  m_Icon: {fileID: 0}
  m_NavMeshLayer: 0
  m_StaticEditorFlags: 0
  m_IsActive: 1
--- !u!4 &2552724455273853795
Transform:
  m_ObjectHideFlags: 0
  m_CorrespondingSourceObject: {fileID: 0}
  m_PrefabInstance: {fileID: 0}
  m_PrefabAsset: {fileID: 0}
  m_GameObject: {fileID: 2552724455273754435}
  m_LocalRotation: {x: 0, y: -0, z: -0, w: 1}
  m_LocalPosition: {x: -0.7168761, y: -1.5916157e-15, z: -1.2237979e-15}
  m_LocalScale: {x: 1, y: 1, z: 1}
  m_Children: []
  m_Father: {fileID: 2552724455273853793}
  m_RootOrder: 2
  m_LocalEulerAnglesHint: {x: 0, y: 0, z: 0}
--- !u!1 &2552724455273754437
GameObject:
  m_ObjectHideFlags: 0
  m_CorrespondingSourceObject: {fileID: 0}
  m_PrefabInstance: {fileID: 0}
  m_PrefabAsset: {fileID: 0}
  serializedVersion: 6
  m_Component:
  - component: {fileID: 2552724455273853797}
  m_Layer: 0
  m_Name: EyeEnd_L
  m_TagString: Untagged
  m_Icon: {fileID: 0}
  m_NavMeshLayer: 0
  m_StaticEditorFlags: 0
  m_IsActive: 1
--- !u!4 &2552724455273853797
Transform:
  m_ObjectHideFlags: 0
  m_CorrespondingSourceObject: {fileID: 0}
  m_PrefabInstance: {fileID: 0}
  m_PrefabAsset: {fileID: 0}
  m_GameObject: {fileID: 2552724455273754437}
  m_LocalRotation: {x: -0.1386862, y: -0.0022722934, z: -0.0001583331, w: 0.99033374}
  m_LocalPosition: {x: -0.08760837, y: -7.9580784e-16, z: -4.4764193e-16}
  m_LocalScale: {x: 1, y: 1, z: 1}
  m_Children: []
  m_Father: {fileID: 2552724455273853817}
  m_RootOrder: 0
  m_LocalEulerAnglesHint: {x: -15.943654, y: -0.26556993, z: 0.018868653}
--- !u!1 &2552724455273754439
GameObject:
  m_ObjectHideFlags: 0
  m_CorrespondingSourceObject: {fileID: 0}
  m_PrefabInstance: {fileID: 0}
  m_PrefabAsset: {fileID: 0}
  serializedVersion: 6
  m_Component:
  - component: {fileID: 2552724455273853799}
  m_Layer: 0
  m_Name: EyeEnd_R
  m_TagString: Untagged
  m_Icon: {fileID: 0}
  m_NavMeshLayer: 0
  m_StaticEditorFlags: 0
  m_IsActive: 1
--- !u!4 &2552724455273853799
Transform:
  m_ObjectHideFlags: 0
  m_CorrespondingSourceObject: {fileID: 0}
  m_PrefabInstance: {fileID: 0}
  m_PrefabAsset: {fileID: 0}
  m_GameObject: {fileID: 2552724455273754439}
  m_LocalRotation: {x: 0.1386862, y: 0.0022722934, z: -0.0001583331, w: 0.99033374}
  m_LocalPosition: {x: -0.08760837, y: -3.1832313e-15, z: -2.1138646e-16}
  m_LocalScale: {x: 1, y: 1, z: 1}
  m_Children: []
  m_Father: {fileID: 2552724455273853819}
  m_RootOrder: 0
  m_LocalEulerAnglesHint: {x: 15.943654, y: 0.26556993, z: 0.018868653}
--- !u!1 &2552724455273754441
GameObject:
  m_ObjectHideFlags: 0
  m_CorrespondingSourceObject: {fileID: 0}
  m_PrefabInstance: {fileID: 0}
  m_PrefabAsset: {fileID: 0}
  serializedVersion: 6
  m_Component:
  - component: {fileID: 2552724455273853801}
  m_Layer: 0
  m_Name: IndexFinger1_L
  m_TagString: Untagged
  m_Icon: {fileID: 0}
  m_NavMeshLayer: 0
  m_StaticEditorFlags: 0
  m_IsActive: 1
--- !u!4 &2552724455273853801
Transform:
  m_ObjectHideFlags: 0
  m_CorrespondingSourceObject: {fileID: 0}
  m_PrefabInstance: {fileID: 0}
  m_PrefabAsset: {fileID: 0}
  m_GameObject: {fileID: 2552724455273754441}
  m_LocalRotation: {x: -0.07471781, y: -0.17860034, z: -0.14521131, w: 0.9702746}
  m_LocalPosition: {x: 1.5185497, y: -0.93605417, z: -0.041242536}
  m_LocalScale: {x: 1, y: 1, z: 1}
  m_Children:
  - {fileID: 2552724455273853781}
  m_Father: {fileID: 2552724455273853737}
  m_RootOrder: 0
  m_LocalEulerAnglesHint: {x: -15.437885, y: -37.922085, z: -10.671283}
--- !u!1 &2552724455273754443
GameObject:
  m_ObjectHideFlags: 0
  m_CorrespondingSourceObject: {fileID: 0}
  m_PrefabInstance: {fileID: 0}
  m_PrefabAsset: {fileID: 0}
  serializedVersion: 6
  m_Component:
  - component: {fileID: 2552724455273853803}
  m_Layer: 0
  m_Name: IndexFinger1_R
  m_TagString: Untagged
  m_Icon: {fileID: 0}
  m_NavMeshLayer: 0
  m_StaticEditorFlags: 0
  m_IsActive: 1
--- !u!4 &2552724455273853803
Transform:
  m_ObjectHideFlags: 0
  m_CorrespondingSourceObject: {fileID: 0}
  m_PrefabInstance: {fileID: 0}
  m_PrefabAsset: {fileID: 0}
  m_GameObject: {fileID: 2552724455273754443}
  m_LocalRotation: {x: -0.07471781, y: -0.17860034, z: -0.14521131, w: 0.9702746}
  m_LocalPosition: {x: -1.5185497, y: 0.93605417, z: 0.041242536}
  m_LocalScale: {x: 1, y: 1, z: 1}
  m_Children:
  - {fileID: 2552724455273853783}
  m_Father: {fileID: 2552724455273853739}
  m_RootOrder: 0
  m_LocalEulerAnglesHint: {x: -13.404246, y: -27.738638, z: -13.25784}
--- !u!1 &2552724455273754445
GameObject:
  m_ObjectHideFlags: 0
  m_CorrespondingSourceObject: {fileID: 0}
  m_PrefabInstance: {fileID: 0}
  m_PrefabAsset: {fileID: 0}
  serializedVersion: 6
  m_Component:
  - component: {fileID: 2552724455273853805}
  m_Layer: 0
  m_Name: Hip_L
  m_TagString: Untagged
  m_Icon: {fileID: 0}
  m_NavMeshLayer: 0
  m_StaticEditorFlags: 0
  m_IsActive: 1
--- !u!4 &2552724455273853805
Transform:
  m_ObjectHideFlags: 0
  m_CorrespondingSourceObject: {fileID: 0}
  m_PrefabInstance: {fileID: 0}
  m_PrefabAsset: {fileID: 0}
  m_GameObject: {fileID: 2552724455273754445}
  m_LocalRotation: {x: 0.96507436, y: 0.22061616, z: 0.13596039, w: -0.03840307}
  m_LocalPosition: {x: 0.21770729, y: 0.087434806, z: 0.42008686}
  m_LocalScale: {x: 1, y: 1, z: 1}
  m_Children:
  - {fileID: 2552724455273853779}
  m_Father: {fileID: 2552724455273853763}
  m_RootOrder: 0
  m_LocalEulerAnglesHint: {x: -49.608353, y: -176.95465, z: 127.492485}
--- !u!1 &2552724455273754447
GameObject:
  m_ObjectHideFlags: 0
  m_CorrespondingSourceObject: {fileID: 0}
  m_PrefabInstance: {fileID: 0}
  m_PrefabAsset: {fileID: 0}
  serializedVersion: 6
  m_Component:
  - component: {fileID: 2552724455273853807}
  m_Layer: 0
  m_Name: Hip_R
  m_TagString: Untagged
  m_Icon: {fileID: 0}
  m_NavMeshLayer: 0
  m_StaticEditorFlags: 0
  m_IsActive: 1
--- !u!4 &2552724455273853807
Transform:
  m_ObjectHideFlags: 0
  m_CorrespondingSourceObject: {fileID: 0}
  m_PrefabInstance: {fileID: 0}
  m_PrefabAsset: {fileID: 0}
  m_GameObject: {fileID: 2552724455273754447}
  m_LocalRotation: {x: -0.22061616, y: 0.96507436, z: -0.03840307, w: -0.13596039}
  m_LocalPosition: {x: 0.21770729, y: 0.087434806, z: -0.42008686}
  m_LocalScale: {x: 1, y: 1, z: 1}
  m_Children:
  - {fileID: 2552724455273853789}
  m_Father: {fileID: 2552724455273853763}
  m_RootOrder: 1
  m_LocalEulerAnglesHint: {x: 11.587628, y: -154.79837, z: -26.219006}
--- !u!1 &2552724455273754449
GameObject:
  m_ObjectHideFlags: 0
  m_CorrespondingSourceObject: {fileID: 0}
  m_PrefabInstance: {fileID: 0}
  m_PrefabAsset: {fileID: 0}
  serializedVersion: 6
  m_Component:
  - component: {fileID: 2552724455273853809}
  - component: {fileID: 2552724455287415381}
  m_Layer: 0
  m_Name: Body
  m_TagString: Untagged
  m_Icon: {fileID: 0}
  m_NavMeshLayer: 0
  m_StaticEditorFlags: 0
  m_IsActive: 1
--- !u!4 &2552724455273853809
Transform:
  m_ObjectHideFlags: 0
  m_CorrespondingSourceObject: {fileID: 0}
  m_PrefabInstance: {fileID: 0}
  m_PrefabAsset: {fileID: 0}
  m_GameObject: {fileID: 2552724455273754449}
  m_LocalRotation: {x: 0, y: -0, z: -0, w: 1}
  m_LocalPosition: {x: -0, y: 0, z: 0}
  m_LocalScale: {x: 1, y: 1, z: 1}
  m_Children: []
  m_Father: {fileID: 2552724455273853735}
  m_RootOrder: 0
  m_LocalEulerAnglesHint: {x: 0, y: 0, z: 0}
--- !u!137 &2552724455287415381
SkinnedMeshRenderer:
  m_ObjectHideFlags: 0
  m_CorrespondingSourceObject: {fileID: 0}
  m_PrefabInstance: {fileID: 0}
  m_PrefabAsset: {fileID: 0}
  m_GameObject: {fileID: 2552724455273754449}
  m_Enabled: 1
  m_CastShadows: 1
  m_ReceiveShadows: 1
  m_DynamicOccludee: 1
  m_MotionVectors: 1
  m_LightProbeUsage: 1
  m_ReflectionProbeUsage: 1
  m_RayTracingMode: 0
  m_RenderingLayerMask: 1
  m_RendererPriority: 0
  m_Materials:
  - {fileID: 2100000, guid: de08d54971725484fa33d931b195f98c, type: 2}
  m_StaticBatchInfo:
    firstSubMesh: 0
    subMeshCount: 0
  m_StaticBatchRoot: {fileID: 0}
  m_ProbeAnchor: {fileID: 0}
  m_LightProbeVolumeOverride: {fileID: 0}
  m_ScaleInLightmap: 1
  m_ReceiveGI: 1
  m_PreserveUVs: 0
  m_IgnoreNormalsForChartDetection: 0
  m_ImportantGI: 0
  m_StitchLightmapSeams: 1
  m_SelectedEditorRenderState: 3
  m_MinimumChartSize: 4
  m_AutoUVMaxDistance: 0.5
  m_AutoUVMaxAngle: 89
  m_LightmapParameters: {fileID: 0}
  m_SortingLayerID: 0
  m_SortingLayer: 0
  m_SortingOrder: 0
  serializedVersion: 2
  m_Quality: 0
  m_UpdateWhenOffscreen: 0
  m_SkinnedMotionVectors: 1
  m_Mesh: {fileID: 4300000, guid: 24c4300f68c986241af51004b72b03f2, type: 3}
  m_Bones:
  - {fileID: 2552724455273853731}
  - {fileID: 2552724455273853815}
  - {fileID: 2552724455273853789}
  - {fileID: 2552724455273853807}
  - {fileID: 2552724455273853767}
  - {fileID: 2552724455273853787}
  - {fileID: 2552724455273853733}
  - {fileID: 2552724455273853753}
  - {fileID: 2552724455273853783}
  - {fileID: 2552724455273853803}
  - {fileID: 2552724455273853739}
  - {fileID: 2552724455273853823}
  - {fileID: 2552724455273853771}
  - {fileID: 2552724455273853751}
  - {fileID: 2552724455273853747}
  - {fileID: 2552724455273853775}
  - {fileID: 2552724455273853793}
  - {fileID: 2552724455273853761}
  - {fileID: 2552724455273853811}
  - {fileID: 2552724455273853757}
  - {fileID: 2552724455273853763}
  - {fileID: 2552724455273853729}
  - {fileID: 2552724455273853813}
  - {fileID: 2552724455273853779}
  - {fileID: 2552724455273853805}
  - {fileID: 2552724455273853765}
  - {fileID: 2552724455273853785}
  - {fileID: 2552724455273853755}
  - {fileID: 2552724455273853759}
  - {fileID: 2552724455273853781}
  - {fileID: 2552724455273853801}
  - {fileID: 2552724455273853737}
  - {fileID: 2552724455273853821}
  - {fileID: 2552724455273853769}
  - {fileID: 2552724455273853749}
  - {fileID: 2552724455273853745}
  - {fileID: 2552724455273853773}
  - {fileID: 2552724455273853777}
  - {fileID: 2552724455273853799}
  - {fileID: 2552724455273853797}
  m_BlendShapeWeights: []
  m_RootBone: {fileID: 2552724455273853763}
  m_AABB:
    m_Center: {x: -0.19650578, y: 0.24882782, z: 0}
    m_Extent: {x: 3.9404027, y: 2.5148826, z: 6.0710955}
  m_DirtyAABB: 0
--- !u!1 &2552724455273754451
GameObject:
  m_ObjectHideFlags: 0
  m_CorrespondingSourceObject: {fileID: 0}
  m_PrefabInstance: {fileID: 0}
  m_PrefabAsset: {fileID: 0}
  serializedVersion: 6
  m_Component:
  - component: {fileID: 2552724455273853811}
  m_Layer: 0
  m_Name: Chest_M
  m_TagString: Untagged
  m_Icon: {fileID: 0}
  m_NavMeshLayer: 0
  m_StaticEditorFlags: 0
  m_IsActive: 1
--- !u!4 &2552724455273853811
Transform:
  m_ObjectHideFlags: 0
  m_CorrespondingSourceObject: {fileID: 0}
  m_PrefabInstance: {fileID: 0}
  m_PrefabAsset: {fileID: 0}
  m_GameObject: {fileID: 2552724455273754451}
  m_LocalRotation: {x: 0, y: -0, z: -0.41344056, w: 0.91053116}
  m_LocalPosition: {x: -0.9371426, y: -2.7355895e-16, z: -8.061484e-16}
  m_LocalScale: {x: 1, y: 1, z: 1}
  m_Children:
  - {fileID: 2552724455273853761}
  - {fileID: 2552724455273853773}
  - {fileID: 2552724455273853775}
  m_Father: {fileID: 2552724455273853757}
  m_RootOrder: 0
  m_LocalEulerAnglesHint: {x: 12.659949, y: 3.3433325, z: -60.303375}
--- !u!1 &2552724455273754453
GameObject:
  m_ObjectHideFlags: 0
  m_CorrespondingSourceObject: {fileID: 0}
  m_PrefabInstance: {fileID: 0}
  m_PrefabAsset: {fileID: 0}
  serializedVersion: 6
  m_Component:
  - component: {fileID: 2552724455273853813}
  m_Layer: 0
  m_Name: Ankle_L
  m_TagString: Untagged
  m_Icon: {fileID: 0}
  m_NavMeshLayer: 0
  m_StaticEditorFlags: 0
  m_IsActive: 1
--- !u!4 &2552724455273853813
Transform:
  m_ObjectHideFlags: 0
  m_CorrespondingSourceObject: {fileID: 0}
  m_PrefabInstance: {fileID: 0}
  m_PrefabAsset: {fileID: 0}
  m_GameObject: {fileID: 2552724455273754453}
  m_LocalRotation: {x: -0.09144385, y: -0.09700579, z: -0.4931608, w: 0.85966295}
  m_LocalPosition: {x: 1.2704861, y: -1.1937118e-15, z: 1.9895197e-15}
  m_LocalScale: {x: 1, y: 1, z: 1}
  m_Children:
  - {fileID: 2552724455273853729}
  m_Father: {fileID: 2552724455273853779}
  m_RootOrder: 0
  m_LocalEulerAnglesHint: {x: -12.032493, y: 0.6743196, z: -44.078144}
--- !u!1 &2552724455273754455
GameObject:
  m_ObjectHideFlags: 0
  m_CorrespondingSourceObject: {fileID: 0}
  m_PrefabInstance: {fileID: 0}
  m_PrefabAsset: {fileID: 0}
  serializedVersion: 6
  m_Component:
  - component: {fileID: 2552724455273853815}
  m_Layer: 0
  m_Name: Ankle_R
  m_TagString: Untagged
  m_Icon: {fileID: 0}
  m_NavMeshLayer: 0
  m_StaticEditorFlags: 0
  m_IsActive: 1
--- !u!4 &2552724455273853815
Transform:
  m_ObjectHideFlags: 0
  m_CorrespondingSourceObject: {fileID: 0}
  m_PrefabInstance: {fileID: 0}
  m_PrefabAsset: {fileID: 0}
  m_GameObject: {fileID: 2552724455273754455}
  m_LocalRotation: {x: -0.09144385, y: -0.09700579, z: -0.4931608, w: 0.85966295}
  m_LocalPosition: {x: -1.2704861, y: 3.3821833e-15, z: -3.9790393e-15}
  m_LocalScale: {x: 1, y: 1, z: 1}
  m_Children:
  - {fileID: 2552724455273853731}
  m_Father: {fileID: 2552724455273853789}
  m_RootOrder: 0
  m_LocalEulerAnglesHint: {x: -21.09145, y: -14.173865, z: -51.423466}
--- !u!1 &2552724455273754457
GameObject:
  m_ObjectHideFlags: 0
  m_CorrespondingSourceObject: {fileID: 0}
  m_PrefabInstance: {fileID: 0}
  m_PrefabAsset: {fileID: 0}
  serializedVersion: 6
  m_Component:
  - component: {fileID: 2552724455273853817}
  m_Layer: 0
  m_Name: Eye_L
  m_TagString: Untagged
  m_Icon: {fileID: 0}
  m_NavMeshLayer: 0
  m_StaticEditorFlags: 0
  m_IsActive: 1
--- !u!4 &2552724455273853817
Transform:
  m_ObjectHideFlags: 0
  m_CorrespondingSourceObject: {fileID: 0}
  m_PrefabInstance: {fileID: 0}
  m_PrefabAsset: {fileID: 0}
  m_GameObject: {fileID: 2552724455273754457}
  m_LocalRotation: {x: 0.021660332, y: 0.035398707, z: -0.45419937, w: 0.889933}
  m_LocalPosition: {x: -0.1182687, y: 0.32833788, z: 0.16804251}
  m_LocalScale: {x: 1, y: 1, z: 1}
  m_Children:
  - {fileID: 2552724455273853797}
  m_Father: {fileID: 2552724455273853793}
  m_RootOrder: 0
  m_LocalEulerAnglesHint: {x: 0, y: 0, z: 0}
--- !u!1 &2552724455273754459
GameObject:
  m_ObjectHideFlags: 0
  m_CorrespondingSourceObject: {fileID: 0}
  m_PrefabInstance: {fileID: 0}
  m_PrefabAsset: {fileID: 0}
  serializedVersion: 6
  m_Component:
  - component: {fileID: 2552724455273853819}
  m_Layer: 0
  m_Name: Eye_R
  m_TagString: Untagged
  m_Icon: {fileID: 0}
  m_NavMeshLayer: 0
  m_StaticEditorFlags: 0
  m_IsActive: 1
--- !u!4 &2552724455273853819
Transform:
  m_ObjectHideFlags: 0
  m_CorrespondingSourceObject: {fileID: 0}
  m_PrefabInstance: {fileID: 0}
  m_PrefabAsset: {fileID: 0}
  m_GameObject: {fileID: 2552724455273754459}
  m_LocalRotation: {x: -0.021660332, y: -0.035398707, z: -0.45419937, w: 0.889933}
  m_LocalPosition: {x: -0.1182687, y: 0.32833788, z: -0.16804251}
  m_LocalScale: {x: 1, y: 1, z: 1}
  m_Children:
  - {fileID: 2552724455273853799}
  m_Father: {fileID: 2552724455273853793}
  m_RootOrder: 1
  m_LocalEulerAnglesHint: {x: 0, y: 0, z: 0}
--- !u!1 &2552724455273754461
GameObject:
  m_ObjectHideFlags: 0
  m_CorrespondingSourceObject: {fileID: 0}
  m_PrefabInstance: {fileID: 0}
  m_PrefabAsset: {fileID: 0}
  serializedVersion: 6
  m_Component:
  - component: {fileID: 2552724455273853821}
  m_Layer: 0
  m_Name: Elbow_L
  m_TagString: Untagged
  m_Icon: {fileID: 0}
  m_NavMeshLayer: 0
  m_StaticEditorFlags: 0
  m_IsActive: 1
--- !u!4 &2552724455273853821
Transform:
  m_ObjectHideFlags: 0
  m_CorrespondingSourceObject: {fileID: 0}
  m_PrefabInstance: {fileID: 0}
  m_PrefabAsset: {fileID: 0}
  m_GameObject: {fileID: 2552724455273754461}
  m_LocalRotation: {x: -0.06463864, y: 0.15539902, z: -0.07896567, w: 0.9825668}
  m_LocalPosition: {x: 0.6218023, y: -9.450218e-15, z: 0}
  m_LocalScale: {x: 1, y: 1, z: 1}
  m_Children:
  - {fileID: 2552724455273853737}
  m_Father: {fileID: 2552724455273853745}
  m_RootOrder: 0
  m_LocalEulerAnglesHint: {x: -10.987898, y: -13.786456, z: -26.601862}
--- !u!1 &2552724455273754463
GameObject:
  m_ObjectHideFlags: 0
  m_CorrespondingSourceObject: {fileID: 0}
  m_PrefabInstance: {fileID: 0}
  m_PrefabAsset: {fileID: 0}
  serializedVersion: 6
  m_Component:
  - component: {fileID: 2552724455273853823}
  m_Layer: 0
  m_Name: Elbow_R
  m_TagString: Untagged
  m_Icon: {fileID: 0}
  m_NavMeshLayer: 0
  m_StaticEditorFlags: 0
  m_IsActive: 1
--- !u!4 &2552724455273853823
Transform:
  m_ObjectHideFlags: 0
  m_CorrespondingSourceObject: {fileID: 0}
  m_PrefabInstance: {fileID: 0}
  m_PrefabAsset: {fileID: 0}
  m_GameObject: {fileID: 2552724455273754463}
  m_LocalRotation: {x: -0.06463864, y: 0.15539902, z: -0.07896567, w: 0.9825668}
  m_LocalPosition: {x: -0.6218023, y: 8.455458e-15, z: 7.9580784e-16}
  m_LocalScale: {x: 1, y: 1, z: 1}
  m_Children:
  - {fileID: 2552724455273853739}
  m_Father: {fileID: 2552724455273853747}
  m_RootOrder: 0
  m_LocalEulerAnglesHint: {x: -7.02224, y: -7.1040936, z: -31.312532}
