%YAML 1.1
%TAG !u! tag:unity3d.com,2011:
--- !u!1 &1152592472838591319
GameObject:
  m_ObjectHideFlags: 0
  m_CorrespondingSourceObject: {fileID: 0}
  m_PrefabInstance: {fileID: 0}
  m_PrefabAsset: {fileID: 0}
  serializedVersion: 6
  m_Component:
  - component: {fileID: 1152592472838591316}
  m_Layer: 0
  m_Name: Door 1
  m_TagString: Untagged
  m_Icon: {fileID: 0}
  m_NavMeshLayer: 0
  m_StaticEditorFlags: 0
  m_IsActive: 1
--- !u!4 &1152592472838591316
Transform:
  m_ObjectHideFlags: 0
  m_CorrespondingSourceObject: {fileID: 0}
  m_PrefabInstance: {fileID: 0}
  m_PrefabAsset: {fileID: 0}
  m_GameObject: {fileID: 1152592472838591319}
  m_LocalRotation: {x: -0.11492275, y: -0.3912939, z: -0.102406174, w: 0.9073009}
  m_LocalPosition: {x: 32.193466, y: 9.91, z: 207.11497}
  m_LocalScale: {x: 0.8, y: 0.8, z: 0.8}
  m_Children:
  - {fileID: 1148665579630623905}
  - {fileID: 1148665586825712243}
  - {fileID: 1148665586869414283}
  - {fileID: 1148665581942338702}
  - {fileID: 1148665580219170138}
  - {fileID: 1148665581562744749}
  - {fileID: 1148665582066240459}
  - {fileID: 7939103734401967143}
  - {fileID: 4862587603371345363}
  - {fileID: 3897637872751828940}
  - {fileID: 3897637872698754229}
  m_Father: {fileID: 0}
  m_RootOrder: 0
  m_LocalEulerAnglesHint: {x: -16.779001, y: -45.81, z: -5.748}
--- !u!1001 &1152592471731961433
PrefabInstance:
  m_ObjectHideFlags: 0
  serializedVersion: 2
  m_Modification:
    m_TransformParent: {fileID: 1152592472838591316}
    m_Modifications:
    - target: {fileID: 1000013569322780, guid: 5d10ae558efe6a64d96e5b4d02ec6792, type: 3}
      propertyPath: m_Name
      value: Rock_05
      objectReference: {fileID: 0}
    - target: {fileID: 4000010352536618, guid: 5d10ae558efe6a64d96e5b4d02ec6792, type: 3}
      propertyPath: m_LocalPosition.x
      value: -0.66
      objectReference: {fileID: 0}
    - target: {fileID: 4000010352536618, guid: 5d10ae558efe6a64d96e5b4d02ec6792, type: 3}
      propertyPath: m_LocalPosition.y
      value: 4.79
      objectReference: {fileID: 0}
    - target: {fileID: 4000010352536618, guid: 5d10ae558efe6a64d96e5b4d02ec6792, type: 3}
      propertyPath: m_LocalPosition.z
      value: 10.66
      objectReference: {fileID: 0}
    - target: {fileID: 4000010352536618, guid: 5d10ae558efe6a64d96e5b4d02ec6792, type: 3}
      propertyPath: m_LocalRotation.x
      value: 0.004812975
      objectReference: {fileID: 0}
    - target: {fileID: 4000010352536618, guid: 5d10ae558efe6a64d96e5b4d02ec6792, type: 3}
      propertyPath: m_LocalRotation.y
      value: -0.9884928
      objectReference: {fileID: 0}
    - target: {fileID: 4000010352536618, guid: 5d10ae558efe6a64d96e5b4d02ec6792, type: 3}
      propertyPath: m_LocalRotation.z
      value: 0.14772178
      objectReference: {fileID: 0}
    - target: {fileID: 4000010352536618, guid: 5d10ae558efe6a64d96e5b4d02ec6792, type: 3}
      propertyPath: m_LocalRotation.w
      value: -0.032206435
      objectReference: {fileID: 0}
    - target: {fileID: 4000010352536618, guid: 5d10ae558efe6a64d96e5b4d02ec6792, type: 3}
      propertyPath: m_RootOrder
      value: 1
      objectReference: {fileID: 0}
    - target: {fileID: 4000010352536618, guid: 5d10ae558efe6a64d96e5b4d02ec6792, type: 3}
      propertyPath: m_LocalEulerAnglesHint.x
      value: 16.962
      objectReference: {fileID: 0}
    - target: {fileID: 4000010352536618, guid: 5d10ae558efe6a64d96e5b4d02ec6792, type: 3}
      propertyPath: m_LocalEulerAnglesHint.y
      value: -183.902
      objectReference: {fileID: 0}
    - target: {fileID: 4000010352536618, guid: 5d10ae558efe6a64d96e5b4d02ec6792, type: 3}
      propertyPath: m_LocalEulerAnglesHint.z
      value: -1.1400001
      objectReference: {fileID: 0}
    - target: {fileID: 4000010762011600, guid: 5d10ae558efe6a64d96e5b4d02ec6792, type: 3}
      propertyPath: m_LocalPosition.x
      value: -1.3
      objectReference: {fileID: 0}
    - target: {fileID: 4000010762011600, guid: 5d10ae558efe6a64d96e5b4d02ec6792, type: 3}
      propertyPath: m_LocalPosition.y
      value: -0.42
      objectReference: {fileID: 0}
    - target: {fileID: 4000010762011600, guid: 5d10ae558efe6a64d96e5b4d02ec6792, type: 3}
      propertyPath: m_LocalPosition.z
      value: -0.77
      objectReference: {fileID: 0}
    m_RemovedComponents: []
  m_SourcePrefab: {fileID: 100100000, guid: 5d10ae558efe6a64d96e5b4d02ec6792, type: 3}
--- !u!4 &1148665586825712243 stripped
Transform:
  m_CorrespondingSourceObject: {fileID: 4000010352536618, guid: 5d10ae558efe6a64d96e5b4d02ec6792,
    type: 3}
  m_PrefabInstance: {fileID: 1152592471731961433}
  m_PrefabAsset: {fileID: 0}
--- !u!1001 &1152592471779706273
PrefabInstance:
  m_ObjectHideFlags: 0
  serializedVersion: 2
  m_Modification:
    m_TransformParent: {fileID: 1152592472838591316}
    m_Modifications:
    - target: {fileID: 1000013569322780, guid: 5d10ae558efe6a64d96e5b4d02ec6792, type: 3}
      propertyPath: m_Name
      value: Rock_05 (1)
      objectReference: {fileID: 0}
    - target: {fileID: 4000010352536618, guid: 5d10ae558efe6a64d96e5b4d02ec6792, type: 3}
      propertyPath: m_LocalPosition.x
      value: -1.6
      objectReference: {fileID: 0}
    - target: {fileID: 4000010352536618, guid: 5d10ae558efe6a64d96e5b4d02ec6792, type: 3}
      propertyPath: m_LocalPosition.y
      value: -0.3
      objectReference: {fileID: 0}
    - target: {fileID: 4000010352536618, guid: 5d10ae558efe6a64d96e5b4d02ec6792, type: 3}
      propertyPath: m_LocalPosition.z
      value: -0.2
      objectReference: {fileID: 0}
    - target: {fileID: 4000010352536618, guid: 5d10ae558efe6a64d96e5b4d02ec6792, type: 3}
      propertyPath: m_LocalRotation.x
      value: 0.004151761
      objectReference: {fileID: 0}
    - target: {fileID: 4000010352536618, guid: 5d10ae558efe6a64d96e5b4d02ec6792, type: 3}
      propertyPath: m_LocalRotation.y
      value: -0.8164153
      objectReference: {fileID: 0}
    - target: {fileID: 4000010352536618, guid: 5d10ae558efe6a64d96e5b4d02ec6792, type: 3}
      propertyPath: m_LocalRotation.z
      value: -0.13028187
      objectReference: {fileID: 0}
    - target: {fileID: 4000010352536618, guid: 5d10ae558efe6a64d96e5b4d02ec6792, type: 3}
      propertyPath: m_LocalRotation.w
      value: 0.56256145
      objectReference: {fileID: 0}
    - target: {fileID: 4000010352536618, guid: 5d10ae558efe6a64d96e5b4d02ec6792, type: 3}
      propertyPath: m_RootOrder
      value: 2
      objectReference: {fileID: 0}
    - target: {fileID: 4000010352536618, guid: 5d10ae558efe6a64d96e5b4d02ec6792, type: 3}
      propertyPath: m_LocalEulerAnglesHint.x
      value: -12.009001
      objectReference: {fileID: 0}
    - target: {fileID: 4000010352536618, guid: 5d10ae558efe6a64d96e5b4d02ec6792, type: 3}
      propertyPath: m_LocalEulerAnglesHint.y
      value: -109.911
      objectReference: {fileID: 0}
    - target: {fileID: 4000010352536618, guid: 5d10ae558efe6a64d96e5b4d02ec6792, type: 3}
      propertyPath: m_LocalEulerAnglesHint.z
      value: -9.021001
      objectReference: {fileID: 0}
    - target: {fileID: 4000010352536618, guid: 5d10ae558efe6a64d96e5b4d02ec6792, type: 3}
      propertyPath: m_LocalScale.x
      value: 0.87437
      objectReference: {fileID: 0}
    - target: {fileID: 4000010762011600, guid: 5d10ae558efe6a64d96e5b4d02ec6792, type: 3}
      propertyPath: m_LocalPosition.x
      value: -0.66
      objectReference: {fileID: 0}
    - target: {fileID: 4000010762011600, guid: 5d10ae558efe6a64d96e5b4d02ec6792, type: 3}
      propertyPath: m_LocalPosition.y
      value: 0.12
      objectReference: {fileID: 0}
    - target: {fileID: 4000010762011600, guid: 5d10ae558efe6a64d96e5b4d02ec6792, type: 3}
      propertyPath: m_LocalPosition.z
      value: -0.15
      objectReference: {fileID: 0}
    m_RemovedComponents: []
  m_SourcePrefab: {fileID: 100100000, guid: 5d10ae558efe6a64d96e5b4d02ec6792, type: 3}
--- !u!4 &1148665586869414283 stripped
Transform:
  m_CorrespondingSourceObject: {fileID: 4000010352536618, guid: 5d10ae558efe6a64d96e5b4d02ec6792,
    type: 3}
  m_PrefabInstance: {fileID: 1152592471779706273}
  m_PrefabAsset: {fileID: 0}
--- !u!1001 &1152592471970421889
PrefabInstance:
  m_ObjectHideFlags: 0
  serializedVersion: 2
  m_Modification:
    m_TransformParent: {fileID: 1152592472838591316}
    m_Modifications:
    - target: {fileID: 1000011949594382, guid: 75fa8bf3a73ee6b4da0c7a2c6d3db6a1, type: 3}
      propertyPath: m_Name
      value: Rock_03 (1)
      objectReference: {fileID: 0}
    - target: {fileID: 4000013308252972, guid: 75fa8bf3a73ee6b4da0c7a2c6d3db6a1, type: 3}
      propertyPath: m_LocalPosition.x
      value: -1.1
      objectReference: {fileID: 0}
    - target: {fileID: 4000013308252972, guid: 75fa8bf3a73ee6b4da0c7a2c6d3db6a1, type: 3}
      propertyPath: m_LocalPosition.y
      value: 7.1
      objectReference: {fileID: 0}
    - target: {fileID: 4000013308252972, guid: 75fa8bf3a73ee6b4da0c7a2c6d3db6a1, type: 3}
      propertyPath: m_LocalPosition.z
      value: 0.4
      objectReference: {fileID: 0}
    - target: {fileID: 4000013308252972, guid: 75fa8bf3a73ee6b4da0c7a2c6d3db6a1, type: 3}
      propertyPath: m_LocalRotation.x
      value: -0.52451426
      objectReference: {fileID: 0}
    - target: {fileID: 4000013308252972, guid: 75fa8bf3a73ee6b4da0c7a2c6d3db6a1, type: 3}
      propertyPath: m_LocalRotation.y
      value: -0
      objectReference: {fileID: 0}
    - target: {fileID: 4000013308252972, guid: 75fa8bf3a73ee6b4da0c7a2c6d3db6a1, type: 3}
      propertyPath: m_LocalRotation.z
      value: -0
      objectReference: {fileID: 0}
    - target: {fileID: 4000013308252972, guid: 75fa8bf3a73ee6b4da0c7a2c6d3db6a1, type: 3}
      propertyPath: m_LocalRotation.w
      value: 0.85140175
      objectReference: {fileID: 0}
    - target: {fileID: 4000013308252972, guid: 75fa8bf3a73ee6b4da0c7a2c6d3db6a1, type: 3}
      propertyPath: m_RootOrder
      value: 5
      objectReference: {fileID: 0}
    - target: {fileID: 4000013308252972, guid: 75fa8bf3a73ee6b4da0c7a2c6d3db6a1, type: 3}
      propertyPath: m_LocalEulerAnglesHint.x
      value: -63.271004
      objectReference: {fileID: 0}
    - target: {fileID: 4000013308252972, guid: 75fa8bf3a73ee6b4da0c7a2c6d3db6a1, type: 3}
      propertyPath: m_LocalEulerAnglesHint.y
      value: 0
      objectReference: {fileID: 0}
    - target: {fileID: 4000013308252972, guid: 75fa8bf3a73ee6b4da0c7a2c6d3db6a1, type: 3}
      propertyPath: m_LocalEulerAnglesHint.z
      value: 0
      objectReference: {fileID: 0}
    - target: {fileID: 4000013308252972, guid: 75fa8bf3a73ee6b4da0c7a2c6d3db6a1, type: 3}
      propertyPath: m_LocalScale.z
      value: 1.4631
      objectReference: {fileID: 0}
    m_RemovedComponents: []
  m_SourcePrefab: {fileID: 100100000, guid: 75fa8bf3a73ee6b4da0c7a2c6d3db6a1, type: 3}
--- !u!4 &1148665581562744749 stripped
Transform:
  m_CorrespondingSourceObject: {fileID: 4000013308252972, guid: 75fa8bf3a73ee6b4da0c7a2c6d3db6a1,
    type: 3}
  m_PrefabInstance: {fileID: 1152592471970421889}
  m_PrefabAsset: {fileID: 0}
--- !u!1001 &1152592472288709781
PrefabInstance:
  m_ObjectHideFlags: 0
  serializedVersion: 2
  m_Modification:
    m_TransformParent: {fileID: 1152592472838591316}
    m_Modifications:
    - target: {fileID: 1000010869019282, guid: d7ba4fe833670a140b9b6085652f0e26, type: 3}
      propertyPath: m_Name
      value: Rock_02
      objectReference: {fileID: 0}
    - target: {fileID: 4000010653347892, guid: d7ba4fe833670a140b9b6085652f0e26, type: 3}
      propertyPath: m_LocalPosition.x
      value: -0
      objectReference: {fileID: 0}
    - target: {fileID: 4000010653347892, guid: d7ba4fe833670a140b9b6085652f0e26, type: 3}
      propertyPath: m_LocalPosition.y
      value: -2.33
      objectReference: {fileID: 0}
    - target: {fileID: 4000010653347892, guid: d7ba4fe833670a140b9b6085652f0e26, type: 3}
      propertyPath: m_LocalPosition.z
      value: 12.5
      objectReference: {fileID: 0}
    - target: {fileID: 4000010653347892, guid: d7ba4fe833670a140b9b6085652f0e26, type: 3}
      propertyPath: m_LocalRotation.x
      value: 0
      objectReference: {fileID: 0}
    - target: {fileID: 4000010653347892, guid: d7ba4fe833670a140b9b6085652f0e26, type: 3}
      propertyPath: m_LocalRotation.y
      value: 0
      objectReference: {fileID: 0}
    - target: {fileID: 4000010653347892, guid: d7ba4fe833670a140b9b6085652f0e26, type: 3}
      propertyPath: m_LocalRotation.z
      value: 0
      objectReference: {fileID: 0}
    - target: {fileID: 4000010653347892, guid: d7ba4fe833670a140b9b6085652f0e26, type: 3}
      propertyPath: m_LocalRotation.w
      value: 1
      objectReference: {fileID: 0}
    - target: {fileID: 4000010653347892, guid: d7ba4fe833670a140b9b6085652f0e26, type: 3}
      propertyPath: m_RootOrder
      value: 0
      objectReference: {fileID: 0}
    - target: {fileID: 4000010653347892, guid: d7ba4fe833670a140b9b6085652f0e26, type: 3}
      propertyPath: m_LocalEulerAnglesHint.x
      value: 0
      objectReference: {fileID: 0}
    - target: {fileID: 4000010653347892, guid: d7ba4fe833670a140b9b6085652f0e26, type: 3}
      propertyPath: m_LocalEulerAnglesHint.y
      value: 0
      objectReference: {fileID: 0}
    - target: {fileID: 4000010653347892, guid: d7ba4fe833670a140b9b6085652f0e26, type: 3}
      propertyPath: m_LocalEulerAnglesHint.z
      value: 0
      objectReference: {fileID: 0}
    m_RemovedComponents: []
  m_SourcePrefab: {fileID: 100100000, guid: d7ba4fe833670a140b9b6085652f0e26, type: 3}
--- !u!4 &1148665579630623905 stripped
Transform:
  m_CorrespondingSourceObject: {fileID: 4000010653347892, guid: d7ba4fe833670a140b9b6085652f0e26,
    type: 3}
  m_PrefabInstance: {fileID: 1152592472288709781}
  m_PrefabAsset: {fileID: 0}
--- !u!1001 &1152592472871895526
PrefabInstance:
  m_ObjectHideFlags: 0
  serializedVersion: 2
  m_Modification:
    m_TransformParent: {fileID: 1152592472838591316}
    m_Modifications:
    - target: {fileID: 1000011696945378, guid: f94554303b4f7094ea5e12fe79985529, type: 3}
      propertyPath: m_Name
      value: Rock_04
      objectReference: {fileID: 0}
    - target: {fileID: 4000011339693244, guid: f94554303b4f7094ea5e12fe79985529, type: 3}
      propertyPath: m_LocalPosition.x
      value: -0.064216614
      objectReference: {fileID: 0}
    - target: {fileID: 4000011339693244, guid: f94554303b4f7094ea5e12fe79985529, type: 3}
      propertyPath: m_LocalPosition.y
      value: 10.93
      objectReference: {fileID: 0}
    - target: {fileID: 4000011339693244, guid: f94554303b4f7094ea5e12fe79985529, type: 3}
      propertyPath: m_LocalPosition.z
      value: 7.56
      objectReference: {fileID: 0}
    - target: {fileID: 4000011339693244, guid: f94554303b4f7094ea5e12fe79985529, type: 3}
      propertyPath: m_LocalRotation.x
      value: -0
      objectReference: {fileID: 0}
    - target: {fileID: 4000011339693244, guid: f94554303b4f7094ea5e12fe79985529, type: 3}
      propertyPath: m_LocalRotation.y
      value: 0.47482225
      objectReference: {fileID: 0}
    - target: {fileID: 4000011339693244, guid: f94554303b4f7094ea5e12fe79985529, type: 3}
      propertyPath: m_LocalRotation.z
      value: -0
      objectReference: {fileID: 0}
    - target: {fileID: 4000011339693244, guid: f94554303b4f7094ea5e12fe79985529, type: 3}
      propertyPath: m_LocalRotation.w
      value: 0.8800818
      objectReference: {fileID: 0}
    - target: {fileID: 4000011339693244, guid: f94554303b4f7094ea5e12fe79985529, type: 3}
      propertyPath: m_RootOrder
      value: 4
      objectReference: {fileID: 0}
    - target: {fileID: 4000011339693244, guid: f94554303b4f7094ea5e12fe79985529, type: 3}
      propertyPath: m_LocalEulerAnglesHint.x
      value: 0
      objectReference: {fileID: 0}
    - target: {fileID: 4000011339693244, guid: f94554303b4f7094ea5e12fe79985529, type: 3}
      propertyPath: m_LocalEulerAnglesHint.y
      value: 56.696003
      objectReference: {fileID: 0}
    - target: {fileID: 4000011339693244, guid: f94554303b4f7094ea5e12fe79985529, type: 3}
      propertyPath: m_LocalEulerAnglesHint.z
      value: 0
      objectReference: {fileID: 0}
    - target: {fileID: 4000011339693244, guid: f94554303b4f7094ea5e12fe79985529, type: 3}
      propertyPath: m_LocalScale.x
      value: 0.78
      objectReference: {fileID: 0}
    - target: {fileID: 4000011339693244, guid: f94554303b4f7094ea5e12fe79985529, type: 3}
      propertyPath: m_LocalScale.y
      value: 0.78
      objectReference: {fileID: 0}
    - target: {fileID: 4000011339693244, guid: f94554303b4f7094ea5e12fe79985529, type: 3}
      propertyPath: m_LocalScale.z
      value: 0.78
      objectReference: {fileID: 0}
    m_RemovedComponents: []
  m_SourcePrefab: {fileID: 100100000, guid: f94554303b4f7094ea5e12fe79985529, type: 3}
--- !u!4 &1148665580219170138 stripped
Transform:
  m_CorrespondingSourceObject: {fileID: 4000011339693244, guid: f94554303b4f7094ea5e12fe79985529,
    type: 3}
  m_PrefabInstance: {fileID: 1152592472871895526}
  m_PrefabAsset: {fileID: 0}
--- !u!1001 &1152592473155315618
PrefabInstance:
  m_ObjectHideFlags: 0
  serializedVersion: 2
  m_Modification:
    m_TransformParent: {fileID: 1152592472838591316}
    m_Modifications:
    - target: {fileID: 1000011949594382, guid: 75fa8bf3a73ee6b4da0c7a2c6d3db6a1, type: 3}
      propertyPath: m_Name
      value: Rock_03
      objectReference: {fileID: 0}
    - target: {fileID: 4000013308252972, guid: 75fa8bf3a73ee6b4da0c7a2c6d3db6a1, type: 3}
      propertyPath: m_LocalPosition.x
      value: -0.25
      objectReference: {fileID: 0}
    - target: {fileID: 4000013308252972, guid: 75fa8bf3a73ee6b4da0c7a2c6d3db6a1, type: 3}
      propertyPath: m_LocalPosition.y
      value: -5.7
      objectReference: {fileID: 0}
    - target: {fileID: 4000013308252972, guid: 75fa8bf3a73ee6b4da0c7a2c6d3db6a1, type: 3}
      propertyPath: m_LocalPosition.z
      value: 11.81
      objectReference: {fileID: 0}
    - target: {fileID: 4000013308252972, guid: 75fa8bf3a73ee6b4da0c7a2c6d3db6a1, type: 3}
      propertyPath: m_LocalRotation.x
      value: 0
      objectReference: {fileID: 0}
    - target: {fileID: 4000013308252972, guid: 75fa8bf3a73ee6b4da0c7a2c6d3db6a1, type: 3}
      propertyPath: m_LocalRotation.y
      value: 0
      objectReference: {fileID: 0}
    - target: {fileID: 4000013308252972, guid: 75fa8bf3a73ee6b4da0c7a2c6d3db6a1, type: 3}
      propertyPath: m_LocalRotation.z
      value: 0
      objectReference: {fileID: 0}
    - target: {fileID: 4000013308252972, guid: 75fa8bf3a73ee6b4da0c7a2c6d3db6a1, type: 3}
      propertyPath: m_LocalRotation.w
      value: 1
      objectReference: {fileID: 0}
    - target: {fileID: 4000013308252972, guid: 75fa8bf3a73ee6b4da0c7a2c6d3db6a1, type: 3}
      propertyPath: m_RootOrder
      value: 3
      objectReference: {fileID: 0}
    - target: {fileID: 4000013308252972, guid: 75fa8bf3a73ee6b4da0c7a2c6d3db6a1, type: 3}
      propertyPath: m_LocalEulerAnglesHint.x
      value: 0
      objectReference: {fileID: 0}
    - target: {fileID: 4000013308252972, guid: 75fa8bf3a73ee6b4da0c7a2c6d3db6a1, type: 3}
      propertyPath: m_LocalEulerAnglesHint.y
      value: 0
      objectReference: {fileID: 0}
    - target: {fileID: 4000013308252972, guid: 75fa8bf3a73ee6b4da0c7a2c6d3db6a1, type: 3}
      propertyPath: m_LocalEulerAnglesHint.z
      value: 0
      objectReference: {fileID: 0}
    m_RemovedComponents: []
  m_SourcePrefab: {fileID: 100100000, guid: 75fa8bf3a73ee6b4da0c7a2c6d3db6a1, type: 3}
--- !u!4 &1148665581942338702 stripped
Transform:
  m_CorrespondingSourceObject: {fileID: 4000013308252972, guid: 75fa8bf3a73ee6b4da0c7a2c6d3db6a1,
    type: 3}
  m_PrefabInstance: {fileID: 1152592473155315618}
  m_PrefabAsset: {fileID: 0}
--- !u!1001 &1152592473444140211
PrefabInstance:
  m_ObjectHideFlags: 0
  serializedVersion: 2
  m_Modification:
    m_TransformParent: {fileID: 1152592472838591316}
    m_Modifications:
    - target: {fileID: 1000011143488790, guid: a649302f8407dd9469e2c5b67b4a0674, type: 3}
      propertyPath: m_Name
      value: Rock_06
      objectReference: {fileID: 0}
    - target: {fileID: 4000013213224824, guid: a649302f8407dd9469e2c5b67b4a0674, type: 3}
      propertyPath: m_LocalPosition.x
      value: 1.03
      objectReference: {fileID: 0}
    - target: {fileID: 4000013213224824, guid: a649302f8407dd9469e2c5b67b4a0674, type: 3}
      propertyPath: m_LocalPosition.y
      value: 9.99
      objectReference: {fileID: 0}
    - target: {fileID: 4000013213224824, guid: a649302f8407dd9469e2c5b67b4a0674, type: 3}
      propertyPath: m_LocalPosition.z
      value: 3.69
      objectReference: {fileID: 0}
    - target: {fileID: 4000013213224824, guid: a649302f8407dd9469e2c5b67b4a0674, type: 3}
      propertyPath: m_LocalRotation.x
      value: -0.56393284
      objectReference: {fileID: 0}
    - target: {fileID: 4000013213224824, guid: a649302f8407dd9469e2c5b67b4a0674, type: 3}
      propertyPath: m_LocalRotation.y
      value: -0.7089714
      objectReference: {fileID: 0}
    - target: {fileID: 4000013213224824, guid: a649302f8407dd9469e2c5b67b4a0674, type: 3}
      propertyPath: m_LocalRotation.z
      value: -0.30820036
      objectReference: {fileID: 0}
    - target: {fileID: 4000013213224824, guid: a649302f8407dd9469e2c5b67b4a0674, type: 3}
      propertyPath: m_LocalRotation.w
      value: -0.2904339
      objectReference: {fileID: 0}
    - target: {fileID: 4000013213224824, guid: a649302f8407dd9469e2c5b67b4a0674, type: 3}
      propertyPath: m_RootOrder
      value: 6
      objectReference: {fileID: 0}
    - target: {fileID: 4000013213224824, guid: a649302f8407dd9469e2c5b67b4a0674, type: 3}
      propertyPath: m_LocalEulerAnglesHint.x
      value: -6.2830005
      objectReference: {fileID: 0}
    - target: {fileID: 4000013213224824, guid: a649302f8407dd9469e2c5b67b4a0674, type: 3}
      propertyPath: m_LocalEulerAnglesHint.y
      value: -229.81999
      objectReference: {fileID: 0}
    - target: {fileID: 4000013213224824, guid: a649302f8407dd9469e2c5b67b4a0674, type: 3}
      propertyPath: m_LocalEulerAnglesHint.z
      value: 79.91901
      objectReference: {fileID: 0}
    - target: {fileID: 4000013213224824, guid: a649302f8407dd9469e2c5b67b4a0674, type: 3}
      propertyPath: m_LocalScale.x
      value: 0.83172
      objectReference: {fileID: 0}
    - target: {fileID: 4000013213224824, guid: a649302f8407dd9469e2c5b67b4a0674, type: 3}
      propertyPath: m_LocalScale.y
      value: 0.83172
      objectReference: {fileID: 0}
    - target: {fileID: 4000013213224824, guid: a649302f8407dd9469e2c5b67b4a0674, type: 3}
      propertyPath: m_LocalScale.z
      value: 0.83172
      objectReference: {fileID: 0}
    m_RemovedComponents: []
  m_SourcePrefab: {fileID: 100100000, guid: a649302f8407dd9469e2c5b67b4a0674, type: 3}
--- !u!4 &1148665582066240459 stripped
Transform:
  m_CorrespondingSourceObject: {fileID: 4000013213224824, guid: a649302f8407dd9469e2c5b67b4a0674,
    type: 3}
  m_PrefabInstance: {fileID: 1152592473444140211}
  m_PrefabAsset: {fileID: 0}
--- !u!1001 &3897637872699153973
PrefabInstance:
  m_ObjectHideFlags: 0
  serializedVersion: 2
  m_Modification:
    m_TransformParent: {fileID: 1152592472838591316}
    m_Modifications:
    - target: {fileID: 100000, guid: 6013a9231cbf28447817bbf406307ad6, type: 3}
      propertyPath: m_Name
      value: Rock_04
      objectReference: {fileID: 0}
    - target: {fileID: 400000, guid: 6013a9231cbf28447817bbf406307ad6, type: 3}
      propertyPath: m_LocalPosition.x
      value: -6.9016123
      objectReference: {fileID: 0}
    - target: {fileID: 400000, guid: 6013a9231cbf28447817bbf406307ad6, type: 3}
      propertyPath: m_LocalPosition.y
      value: 1.3299806
      objectReference: {fileID: 0}
    - target: {fileID: 400000, guid: 6013a9231cbf28447817bbf406307ad6, type: 3}
      propertyPath: m_LocalPosition.z
      value: -0.44584215
      objectReference: {fileID: 0}
    - target: {fileID: 400000, guid: 6013a9231cbf28447817bbf406307ad6, type: 3}
      propertyPath: m_LocalRotation.x
      value: -0.6564489
      objectReference: {fileID: 0}
    - target: {fileID: 400000, guid: 6013a9231cbf28447817bbf406307ad6, type: 3}
      propertyPath: m_LocalRotation.y
      value: 0.49904144
      objectReference: {fileID: 0}
    - target: {fileID: 400000, guid: 6013a9231cbf28447817bbf406307ad6, type: 3}
      propertyPath: m_LocalRotation.z
      value: 0.06982076
      objectReference: {fileID: 0}
    - target: {fileID: 400000, guid: 6013a9231cbf28447817bbf406307ad6, type: 3}
      propertyPath: m_LocalRotation.w
      value: 0.561389
      objectReference: {fileID: 0}
    - target: {fileID: 400000, guid: 6013a9231cbf28447817bbf406307ad6, type: 3}
      propertyPath: m_RootOrder
      value: 10
      objectReference: {fileID: 0}
    - target: {fileID: 400000, guid: 6013a9231cbf28447817bbf406307ad6, type: 3}
      propertyPath: m_LocalEulerAnglesHint.x
      value: -38.291
      objectReference: {fileID: 0}
    - target: {fileID: 400000, guid: 6013a9231cbf28447817bbf406307ad6, type: 3}
      propertyPath: m_LocalEulerAnglesHint.y
      value: 90.00001
      objectReference: {fileID: 0}
    - target: {fileID: 400000, guid: 6013a9231cbf28447817bbf406307ad6, type: 3}
      propertyPath: m_LocalEulerAnglesHint.z
      value: -90.00001
      objectReference: {fileID: 0}
    - target: {fileID: 400000, guid: 6013a9231cbf28447817bbf406307ad6, type: 3}
      propertyPath: m_LocalScale.x
      value: 1.0003625
      objectReference: {fileID: 0}
    - target: {fileID: 400000, guid: 6013a9231cbf28447817bbf406307ad6, type: 3}
      propertyPath: m_LocalScale.y
      value: 1.0003624
      objectReference: {fileID: 0}
    - target: {fileID: 400000, guid: 6013a9231cbf28447817bbf406307ad6, type: 3}
      propertyPath: m_LocalScale.z
      value: 1.0003623
      objectReference: {fileID: 0}
    m_RemovedComponents: []
  m_SourcePrefab: {fileID: 100100000, guid: 6013a9231cbf28447817bbf406307ad6, type: 3}
--- !u!4 &3897637872698754229 stripped
Transform:
  m_CorrespondingSourceObject: {fileID: 400000, guid: 6013a9231cbf28447817bbf406307ad6,
    type: 3}
  m_PrefabInstance: {fileID: 3897637872699153973}
  m_PrefabAsset: {fileID: 0}
--- !u!1001 &3897637872751953228
PrefabInstance:
  m_ObjectHideFlags: 0
  serializedVersion: 2
  m_Modification:
    m_TransformParent: {fileID: 1152592472838591316}
    m_Modifications:
    - target: {fileID: 100000, guid: 476d7e24f53ccf641805646d05f61bde, type: 3}
      propertyPath: m_Name
      value: Rock_06
      objectReference: {fileID: 0}
    - target: {fileID: 400000, guid: 476d7e24f53ccf641805646d05f61bde, type: 3}
      propertyPath: m_LocalPosition.x
      value: -4.8062253
      objectReference: {fileID: 0}
    - target: {fileID: 400000, guid: 476d7e24f53ccf641805646d05f61bde, type: 3}
      propertyPath: m_LocalPosition.y
      value: 6.1401944
      objectReference: {fileID: 0}
    - target: {fileID: 400000, guid: 476d7e24f53ccf641805646d05f61bde, type: 3}
      propertyPath: m_LocalPosition.z
      value: 0.31160384
      objectReference: {fileID: 0}
    - target: {fileID: 400000, guid: 476d7e24f53ccf641805646d05f61bde, type: 3}
      propertyPath: m_LocalRotation.x
      value: -0.8453605
      objectReference: {fileID: 0}
    - target: {fileID: 400000, guid: 476d7e24f53ccf641805646d05f61bde, type: 3}
      propertyPath: m_LocalRotation.y
      value: 0.0038501765
      objectReference: {fileID: 0}
    - target: {fileID: 400000, guid: 476d7e24f53ccf641805646d05f61bde, type: 3}
      propertyPath: m_LocalRotation.z
      value: 0.40445587
      objectReference: {fileID: 0}
    - target: {fileID: 400000, guid: 476d7e24f53ccf641805646d05f61bde, type: 3}
      propertyPath: m_LocalRotation.w
      value: 0.34895006
      objectReference: {fileID: 0}
    - target: {fileID: 400000, guid: 476d7e24f53ccf641805646d05f61bde, type: 3}
      propertyPath: m_RootOrder
      value: 9
      objectReference: {fileID: 0}
    - target: {fileID: 400000, guid: 476d7e24f53ccf641805646d05f61bde, type: 3}
      propertyPath: m_LocalEulerAnglesHint.x
      value: -149.578
      objectReference: {fileID: 0}
    - target: {fileID: 400000, guid: 476d7e24f53ccf641805646d05f61bde, type: 3}
      propertyPath: m_LocalEulerAnglesHint.y
      value: 0
      objectReference: {fileID: 0}
    - target: {fileID: 400000, guid: 476d7e24f53ccf641805646d05f61bde, type: 3}
      propertyPath: m_LocalEulerAnglesHint.z
      value: 0
      objectReference: {fileID: 0}
    - target: {fileID: 400000, guid: 476d7e24f53ccf641805646d05f61bde, type: 3}
      propertyPath: m_LocalScale.x
      value: 0.91606253
      objectReference: {fileID: 0}
    - target: {fileID: 400000, guid: 476d7e24f53ccf641805646d05f61bde, type: 3}
      propertyPath: m_LocalScale.y
      value: 0.91606283
      objectReference: {fileID: 0}
    - target: {fileID: 400000, guid: 476d7e24f53ccf641805646d05f61bde, type: 3}
      propertyPath: m_LocalScale.z
      value: 0.91606283
      objectReference: {fileID: 0}
    m_RemovedComponents: []
  m_SourcePrefab: {fileID: 100100000, guid: 476d7e24f53ccf641805646d05f61bde, type: 3}
--- !u!4 &3897637872751828940 stripped
Transform:
  m_CorrespondingSourceObject: {fileID: 400000, guid: 476d7e24f53ccf641805646d05f61bde,
    type: 3}
  m_PrefabInstance: {fileID: 3897637872751953228}
  m_PrefabAsset: {fileID: 0}
--- !u!1001 &4862587603371482963
PrefabInstance:
  m_ObjectHideFlags: 0
  serializedVersion: 2
  m_Modification:
    m_TransformParent: {fileID: 1152592472838591316}
    m_Modifications:
    - target: {fileID: 100000, guid: 05e04fedc78047c48af519e94c595e13, type: 3}
      propertyPath: m_Name
      value: Rock_02
      objectReference: {fileID: 0}
    - target: {fileID: 400000, guid: 05e04fedc78047c48af519e94c595e13, type: 3}
      propertyPath: m_LocalPosition.x
      value: -3.407712
      objectReference: {fileID: 0}
    - target: {fileID: 400000, guid: 05e04fedc78047c48af519e94c595e13, type: 3}
      propertyPath: m_LocalPosition.y
      value: 7.8991203
      objectReference: {fileID: 0}
    - target: {fileID: 400000, guid: 05e04fedc78047c48af519e94c595e13, type: 3}
      propertyPath: m_LocalPosition.z
      value: 12.205383
      objectReference: {fileID: 0}
    - target: {fileID: 400000, guid: 05e04fedc78047c48af519e94c595e13, type: 3}
      propertyPath: m_LocalRotation.x
      value: -0.48999333
      objectReference: {fileID: 0}
    - target: {fileID: 400000, guid: 05e04fedc78047c48af519e94c595e13, type: 3}
      propertyPath: m_LocalRotation.y
      value: 0.07368022
      objectReference: {fileID: 0}
    - target: {fileID: 400000, guid: 05e04fedc78047c48af519e94c595e13, type: 3}
      propertyPath: m_LocalRotation.z
      value: 0.4423874
      objectReference: {fileID: 0}
    - target: {fileID: 400000, guid: 05e04fedc78047c48af519e94c595e13, type: 3}
      propertyPath: m_LocalRotation.w
      value: 0.74750996
      objectReference: {fileID: 0}
    - target: {fileID: 400000, guid: 05e04fedc78047c48af519e94c595e13, type: 3}
      propertyPath: m_RootOrder
      value: 8
      objectReference: {fileID: 0}
    - target: {fileID: 400000, guid: 05e04fedc78047c48af519e94c595e13, type: 3}
      propertyPath: m_LocalEulerAnglesHint.x
      value: -69.69701
      objectReference: {fileID: 0}
    - target: {fileID: 400000, guid: 05e04fedc78047c48af519e94c595e13, type: 3}
      propertyPath: m_LocalEulerAnglesHint.y
      value: -90.00001
      objectReference: {fileID: 0}
    - target: {fileID: 400000, guid: 05e04fedc78047c48af519e94c595e13, type: 3}
      propertyPath: m_LocalEulerAnglesHint.z
      value: 90.00001
      objectReference: {fileID: 0}
    - target: {fileID: 400000, guid: 05e04fedc78047c48af519e94c595e13, type: 3}
      propertyPath: m_LocalScale.x
      value: 1.3249998
      objectReference: {fileID: 0}
    - target: {fileID: 400000, guid: 05e04fedc78047c48af519e94c595e13, type: 3}
      propertyPath: m_LocalScale.y
      value: 1.325
      objectReference: {fileID: 0}
    - target: {fileID: 400000, guid: 05e04fedc78047c48af519e94c595e13, type: 3}
      propertyPath: m_LocalScale.z
      value: 1.3249999
      objectReference: {fileID: 0}
    m_RemovedComponents: []
  m_SourcePrefab: {fileID: 100100000, guid: 05e04fedc78047c48af519e94c595e13, type: 3}
--- !u!4 &4862587603371345363 stripped
Transform:
  m_CorrespondingSourceObject: {fileID: 400000, guid: 05e04fedc78047c48af519e94c595e13,
    type: 3}
  m_PrefabInstance: {fileID: 4862587603371482963}
  m_PrefabAsset: {fileID: 0}
--- !u!1001 &7939103734402367143
PrefabInstance:
  m_ObjectHideFlags: 0
  serializedVersion: 2
  m_Modification:
    m_TransformParent: {fileID: 1152592472838591316}
    m_Modifications:
    - target: {fileID: 100000, guid: 48320e7576ce0664eb501ebbd6c815da, type: 3}
      propertyPath: m_Name
      value: Rock_03
      objectReference: {fileID: 0}
    - target: {fileID: 400000, guid: 48320e7576ce0664eb501ebbd6c815da, type: 3}
      propertyPath: m_LocalPosition.x
      value: -5.072484
      objectReference: {fileID: 0}
    - target: {fileID: 400000, guid: 48320e7576ce0664eb501ebbd6c815da, type: 3}
      propertyPath: m_LocalPosition.y
      value: 3.2604911
      objectReference: {fileID: 0}
    - target: {fileID: 400000, guid: 48320e7576ce0664eb501ebbd6c815da, type: 3}
      propertyPath: m_LocalPosition.z
      value: 12.918098
      objectReference: {fileID: 0}
    - target: {fileID: 400000, guid: 48320e7576ce0664eb501ebbd6c815da, type: 3}
      propertyPath: m_LocalRotation.x
      value: -0.56029475
      objectReference: {fileID: 0}
    - target: {fileID: 400000, guid: 48320e7576ce0664eb501ebbd6c815da, type: 3}
      propertyPath: m_LocalRotation.y
      value: 0.20427792
      objectReference: {fileID: 0}
    - target: {fileID: 400000, guid: 48320e7576ce0664eb501ebbd6c815da, type: 3}
      propertyPath: m_LocalRotation.z
      value: 0.34909874
      objectReference: {fileID: 0}
    - target: {fileID: 400000, guid: 48320e7576ce0664eb501ebbd6c815da, type: 3}
      propertyPath: m_LocalRotation.w
      value: 0.72282124
      objectReference: {fileID: 0}
    - target: {fileID: 400000, guid: 48320e7576ce0664eb501ebbd6c815da, type: 3}
      propertyPath: m_RootOrder
      value: 7
      objectReference: {fileID: 0}
    - target: {fileID: 400000, guid: 48320e7576ce0664eb501ebbd6c815da, type: 3}
      propertyPath: m_LocalEulerAnglesHint.x
      value: 0
      objectReference: {fileID: 0}
    - target: {fileID: 400000, guid: 48320e7576ce0664eb501ebbd6c815da, type: 3}
      propertyPath: m_LocalEulerAnglesHint.y
      value: 0
      objectReference: {fileID: 0}
    - target: {fileID: 400000, guid: 48320e7576ce0664eb501ebbd6c815da, type: 3}
      propertyPath: m_LocalEulerAnglesHint.z
      value: 0
      objectReference: {fileID: 0}
    - target: {fileID: 400000, guid: 48320e7576ce0664eb501ebbd6c815da, type: 3}
      propertyPath: m_LocalScale.x
      value: 1.2499999
      objectReference: {fileID: 0}
    - target: {fileID: 400000, guid: 48320e7576ce0664eb501ebbd6c815da, type: 3}
      propertyPath: m_LocalScale.y
      value: 1.2499999
      objectReference: {fileID: 0}
    - target: {fileID: 400000, guid: 48320e7576ce0664eb501ebbd6c815da, type: 3}
      propertyPath: m_LocalScale.z
      value: 1.2499999
      objectReference: {fileID: 0}
    m_RemovedComponents: []
  m_SourcePrefab: {fileID: 100100000, guid: 48320e7576ce0664eb501ebbd6c815da, type: 3}
--- !u!4 &7939103734401967143 stripped
Transform:
  m_CorrespondingSourceObject: {fileID: 400000, guid: 48320e7576ce0664eb501ebbd6c815da,
    type: 3}
  m_PrefabInstance: {fileID: 7939103734402367143}
  m_PrefabAsset: {fileID: 0}
